2204 3676
90 198 151 260 128
347 212 505 261 venerat
530 212 668 262 10111110
694 212 745 259 11.

90 363 192 435 Quum
208 363 308 421 fatalis
323 380 419 438 equus
434 362 514 419 saltu
529 380 618 437 super
633 362 728 420 ardun
742 363 827 419 venit
970 365 1032 422 515

90 442 248 517 Pergama,
263 449 295 500 et
309 448 457 498 armatum
470 442 602 517 peditem
617 443 720 517 gravis
734 442 840 499 attulit
854 442 935 512 alvo,

89 522 155 592 Illa,
172 523 296 580 chorum
311 522 466 591 simulans,
481 528 608 578 evantes
622 522 708 595 orgia
722 521 834 579 circum

89 602 227 659 Ducebat
242 602 411 676 Phrygias3
432 600 584 658 flammam
600 602 699 659 media
713 602 782 676 ipsa
795 601 921 658 tenebat

88 681 258 755 Ingentem,
274 687 305 737 et
320 699 438 737 summa
453 680 578 738 Danaos
591 699 630 738 ex
646 698 712 738 arce
727 680 864 737 vocabat.

89 761 166 818 Turn
182 779 227 816 rue
243 761 412 817 confectum
427 759 506 817 curis
521 778 687 835 somnoque
702 765 866 833 gravatum
970 762 1031 819 52⁰

88 840 199 898 Infelix
213 840 319 896 habuit
333 839 495 909 thalamus,
511 840 680 915 pressitque
690 841 842 913 jacentem

88 919 193 978 Dulcis
207 925 239 976 et
253 919 315 975 alta
329 918 422 992 quiea,
432 919 625 994 placidaeque
640 919 793 975 simillima
806 918 905 976 morti.

18 1058 21 1065 ,
89 998 222 1072 Egregia
235 999 350 1055 interea
364 999 493 1071 conjunx
506 1016 591 1054 arma
606 999 708 1055 omnia
721 998 811 1056 tectis

88 1079 228 1147 hmovet,
244 1083 275 1134 et
288 1076 380 1134 fidum
394 1077 485 1151 capiti
500 1078 685 1136 subduxerat
698 1095 817 1151 ensem,

89 1157 176 1214 Intra
190 1163 271 1213 tecta
285 1162 375 1213 vocat
389 1156 563 1213 Menelaum
576 1163 607 1214 et
620 1157 725 1214 limina
738 1157 855 1231 pandit,
968 1160 1028 1217 ont

91 1236 213 1294 Scilicet
226 1237 257 1293 id
273 1253 417 1309 magnum
433 1253 557 1311 sperans
572 1237 634 1293 fore
648 1254 757 1293 munus
773 1236 899 1306 amanti,

89 1316 131 1373 Et
145 1315 255 1372 famam
269 1316 424 1389 exstingui
438 1322 575 1372 veterum
590 1317 632 1373 sic
645 1333 733 1391 posse
748 1315 905 1372 malorum.

90 1395 171 1468 Quid
185 1393 305 1452 moror?
347 1395 523 1470 Inrumpunt
537 1395 692 1468 thalemo;
712 1412 813 1452 eomes
826 1394 950 1452 additur
964 1412 1029 1453 una

90 1475 239 1532 Hortatur
254 1474 398 1530 scelerum
414 1475 566 1532 Aeolides.
610 1475 659 1544 Di,
675 1475 749 1532 talia
765 1473 866 1532 Graiis

89 1554 268 1623 Instaurate,
285 1555 335 1627 pio
351 1554 376 1609 si
391 1572 504 1628 poenas
520 1572 569 1612 ore
583 1552 724 1630 reposeoi
969 1556 1027 1613 tao

90 1634 150 1692 Sed
164 1642 194 1690 te
209 1634 260 1707 qui
274 1633 378 1689 vivum
392 1651 488 1702 casus,
505 1652 561 1707 age
576 1634 637 1691 fare
653 1634 795 1703 vicissim,

90 1713 265 1771 Attulerint.
311 1712 455 1786 Pelagine
472 1714 555 1769 venis
569 1714 720 1771 erroribus
735 1719 829 1783 actus,

90 1794 141 1850 An
157 1793 273 1848 monitu
287 1790 413 1849 1111111111
436 1811 474 1849 an
490 1811 565 1868 quae
580 1800 610 1850 te
626 1793 760 1851 Fortuna
773 1793 892 1867 fatigat,

90 1871 135 1928 Ut
151 1872 253 1927 tristes
269 1871 334 1927 sine
350 1870 411 1928 sole
426 1873 540 1943 demon,
557 1873 622 1930 loca
637 1873 769 1942 turbida,
785 1870 933 1929 adires?”

90 1949 160 2007 Huc
178 1950 242 2006 vice
257 1967 426 2006 sermonum
441 1952 534 2009 roseis
550 1953 670 2009 Aurora
684 1952 838 2028 quadrigis
968 1953 1026 2008 535

90 2031 162 2087 lam
178 2029 311 2086 medium
326 2030 460 2086 aetherio
475 2049 564 2087 cursu
578 2034 734 2105 trajecerat
749 2049 854 2103 axem;

90 2109 131 2166 Et
146 2109 205 2166 fors
221 2127 308 2165 omne
323 2109 428 2165 datum
442 2111 597 2168 traherent
611 2128 663 2186 per
677 2111 752 2168 talia
764 2116 892 2185 tempus

92 2188 151 2246 Sed
167 2206 265 2245 cernes
281 2189 444 2259 admonuit,
461 2191 650 2265 breviterque
666 2190 756 2247 affata
772 2189 892 2264 Sibylla
905 2195 970 2247 est:

91 2268 188 2325 “Nox
201 2268 271 2338 ruit,
287 2268 393 2326 Aenea
407 2289 413 2340 ;
435 2287 491 2326 nos
507 2269 603 2326 flendo
617 2270 754 2327 ducimus
769 2268 879 2326 1101001

91 2348 151 2406 Hic
165 2348 249 2404 locus
263 2354 319 2418 est,
334 2356 436 2422 partes
452 2349 501 2405 ubi
517 2367 548 2406 se
564 2350 615 2406 via
629 2349 715 2406 findit
728 2350 760 2405 in
775 2349 896 2405 ambas:
967 2349 1026 2406 540

92 2428 224 2484 Dextera
239 2445 314 2503 quae
331 2427 412 2484 Ditis
428 2429 530 2502 magni
547 2429 602 2485 sub
617 2429 736 2486 moenia
749 2428 856 2497 tendit,

91 2507 160 2564 Hac
176 2508 231 2563 iter
247 2507 389 2580 Elysium
404 2508 508 2580 nobis;
531 2514 563 2565 at
577 2509 664 2565 laeva
678 2509 827 2564 malorum

91 2587 219 2644 Exercet
233 2604 356 2660 poenae,
374 2592 405 2642 et
421 2587 458 2643 ad
473 2588 568 2662 impia
583 2588 711 2645 Tartara
725 2587 848 2643 mittit.”

92 2666 266 2741 Deiphobus
281 2672 404 2724 contra:
429 2671 444 2695 “
456 2666 502 2724 Ne
518 2668 609 2737 saevi,
625 2684 736 2740 magna
751 2665 907 2722 sacerdos:

92 2745 262 2814 Discedam,
278 2746 404 2818 explebo
420 2764 585 2818 numerum,
602 2747 766 2820 reddarque
781 2744 923 2801 tenebris.
968 2747 1026 2803 545

92 2825 107 2883 I
123 2826 221 2894 decue,
238 2825 256 2895 i,
273 2823 429 2881 nostrum!
451 2826 625 2883 melioribus
641 2831 723 2882 utere
739 2824 809 2881 fatis
822 2822 854 2880 1²³

93 2905 225 2962 Tantum
239 2904 354 2973 51101110,
370 2905 447 2961 etin
462 2907 552 2962 verbo
568 2906 698 2980 vestigia
712 2905 807 2962 torsit.

133 3063 271 3138 Respicit
288 3063 424 3120 Aeneas:
447 3064 546 3120 subito
562 3071 593 3121 et
608 3066 663 3121 sub
678 3082 751 3138 rupe
767 3062 891 3120 sinistra

95 3142 219 3199 Moenia
233 3144 295 3199 lata
310 3143 401 3211 videt,
417 3143 528 3216 triplici
543 3144 727 3200 circumdata
741 3160 835 3211 muro,

95 3221 177 3293 Quae
193 3221 316 3295 rapidus
331 3221 459 3277 flammis
474 3223 569 3279 ambit
583 3223 766 3279 torrentibus
782 3221 889 3292 amnis,
973 3225 1030 3280 550

95 3300 257 3357 Tartareus
272 3299 470 3373 Phlegethon,
486 3306 664 3376 torquetque
679 3302 820 3359 sonantia
836 3318 920 3359 saxa.

84 3378 182 3437 Porta
197 3378 331 3438 adversa
346 3380 467 3455 ingens,
483 3381 640 3455 solidoque
655 3381 815 3437 adamante
829 3380 997 3451 columnae,

56 3490 70 3527 s
