2204 3676
340 202 498 250 vasornr
523 203 660 251 000010
685 203 720 252 v.
839 174 844 179 ’
942 189 999 253 101

63 349 178 409 Ensem
193 357 283 427 atque
297 351 447 426 insignem
462 353 581 427 galeam
596 353 705 411 solatia
719 355 807 412 victe.

63 430 128 488 Nec
142 449 247 505 mora;
267 433 410 489 continuo
426 433 522 490 vestis
537 450 605 489 curn
620 433 735 490 viribus
751 434 835 490 offert

64 508 126 567 Ora
140 511 246 581 Dares,
262 529 432 586 magnoque
447 511 543 568 virrim
559 529 590 568 se
605 530 755 570 murmure
770 514 859 584 tollit,

63 589 152 646 Solus
167 592 218 664 qui
233 591 374 648 Paridem
390 591 498 648 solitus
514 591 692 648 contendere
707 599 821 662 contra,
943 595 999 657 310

62 668 207 744 Idemque
223 672 260 727 ad
275 670 433 740 tumulum,
449 688 508 744 quo
523 670 672 735 maximus
686 672 813 729 occubat
826 669 952 744 Hector,

63 749 218 806 Victorem
232 749 333 806 Buten
347 749 471 806 immani
485 766 617 824 corpore,
633 751 685 824 qui
699 768 732 808 se

62 827 212 903 Bebrycia
225 830 350 886 veniens
365 830 476 903 Amyci
491 830 527 886 de
542 835 632 903 gente
647 830 771 900 ferebat,

63 907 196 965 Perculit
208 914 239 964 et
253 909 337 965 fulva
351 909 564 965 moribundum
578 910 714 966 extendit
729 927 826 968 arena.

62 986 146 1044 Talis
159 987 257 1062 prima
271 987 368 1045 Dares
383 994 475 1061 caput
489 988 584 1045 altum
598 988 628 1044 in
644 989 758 1062 proelia
773 991 862 1061 tollit,
939 994 997 1052 3r5

63 1064 264 1141 Ostenditque
280 1066 420 1124 humeros
434 1068 520 1136 latos,
538 1067 710 1142 alternaque
721 1071 818 1142 jactat

60 1145 190 1203 Brachia
204 1147 394 1220 protendens,
410 1153 441 1204 et
455 1149 594 1204 verberat
609 1148 719 1204 ictibus
736 1167 835 1206 auras

62 1225 224 1298 Quaeritur
239 1226 308 1283 huic
323 1226 420 1299 alius3
441 1245 495 1284 nec
511 1227 672 1302 quisquam
686 1245 723 1283 ex
739 1229 860 1301 agmine
875 1236 962 1287 tanto

60 1306 164 1362 Audet
178 1306 259 1362 adire
275 1306 371 1362 virum
387 1307 583 1380 manibusque
599 1306 738 1363 inducere
753 1315 881 1366 caestus.

60 1383 143 1458 Ergo
159 1385 273 1455 alacris
290 1393 473 1460 cunctosque
487 1394 599 1460 putans
613 1386 754 1443 excedere
769 1388 879 1461 palma,
936 1391 994 1447 380

60 1464 182 1521 Aeneae
197 1465 283 1522 stetit
298 1472 367 1522 ante
382 1466 482 1539 pedes,
499 1483 553 1523 nec
567 1465 654 1539 plura
668 1472 803 1522 moratus

60 1542 138 1599 Turn
153 1546 240 1601 laeva
254 1551 374 1602 taurum
389 1563 480 1602 cornu
494 1551 586 1614 tenet,
603 1551 693 1619 atque
707 1546 751 1602 ita
765 1546 860 1604 fatur:

61 1622 167 1680 “Nate
183 1624 247 1693 dea,
263 1624 290 1680 si
304 1641 391 1682 nemo
407 1625 497 1682 audet
512 1642 543 1681 se
559 1626 676 1682 credere
692 1643 821 1699 pugnae,

60 1702 144 1774 Quae
159 1702 225 1760 finis
240 1703 362 1760 standi?
384 1722 442 1779 quo
457 1722 504 1761 me
519 1705 605 1762 docet
619 1722 713 1778 nsque
728 1703 845 1761 teneri?

60 1781 176 1839 Ducere
192 1783 271 1840 dona
279 1784 381 1858 jube.''
424 1783 531 1841 Cuncti
548 1784 635 1841 simui
652 1801 702 1840 ore
717 1784 885 1842 fremebant
936 1787 993 1845 385

61 1861 262 1932 Dardanidae,
277 1863 418 1938 reddique
433 1863 497 1919 viro
512 1865 661 1937 promissa
671 1864 827 1937 jubebant.

61 1940 120 1997 Hic
136 1943 239 2015 gravis
254 1942 408 1999 Entellum
423 1943 513 1999 dictis
528 1943 660 2017 castigat
675 1944 813 2012 Acestes

60 2019 219 2077 Proximus
233 2028 267 2077 ut
282 2023 432 2079 viridante
447 2029 513 2079 toro
528 2023 703 2080 consederat
718 2023 844 2080 herbae:

60 2104 76 2127 “
87 2100 215 2169 Enteiis,
231 2100 355 2158 heroum
370 2103 521 2176 quondam
536 2102 697 2159 fortissime
713 2103 833 2173 frustra,

59 2177 195 2236 Tantane
211 2186 272 2236 tarn
287 2182 406 2255 patiens
422 2182 503 2238 nullo
518 2182 680 2239 certamine
696 2182 761 2238 tolli
935 2185 993 2240 300

58 2256 148 2314 Dona
162 2255 264 2316 sines?
306 2261 368 2317 Ubi
384 2278 461 2317 nunc
475 2262 562 2318 nobis
577 2263 651 2319 deus
666 2261 715 2317 ille
731 2261 883 2335 magister,

57 2335 268 2413 Nequidquam
283 2346 464 2396 memoratus
479 2339 583 2414 Eryx?
605 2341 656 2398 nbi
672 2341 753 2397 fama
767 2358 821 2414 por
836 2357 954 2397 omnem

57 2416 253 2488 Trinacriam,
269 2426 300 2475 et
314 2419 411 2492 spolia
425 2420 477 2476 iila
490 2422 553 2476 tuis
567 2421 731 2494 pendentia
744 2421 833 2476 tectis
843 2418 854 2475 1
864 2422 880 2452 ”

57 2496 113 2553 Ille
129 2498 185 2554 sub
200 2498 291 2556 haec:
315 2499 411 2556 “Non
426 2499 526 2556 laudis
538 2517 633 2568 amor,
649 2517 703 2556 neo
717 2499 812 2574 gioria
828 2499 920 2556 cessit

58 2576 154 2633 Pulsa
168 2584 268 2649 metu;
289 2579 436 2634 sedenim
452 2580 569 2652 gelidus
584 2579 724 2636 tardante
740 2585 860 2635 senecta
935 2579 993 2636 395

58 2655 192 2729 Sanguis
207 2656 304 2727 hebet,
320 2659 489 2732 frigentque
505 2659 608 2715 effetae
624 2659 655 2713 in
670 2676 790 2733 corpore
806 2658 891 2714 vires.

59 2735 91 2792 Si
107 2735 190 2804 mihi,
206 2755 282 2811 quae
297 2738 447 2812 quondam
464 2738 569 2804 fuerat,
586 2756 703 2812 quaque
719 2738 872 2811 improbus
887 2736 944 2793 iste

57 2813 202 2872 Exsultat
217 2815 318 2886 fidens,
335 2818 360 2872 si
375 2835 455 2874 nunc
469 2819 546 2873 ioret
560 2817 612 2872 illa
621 2818 772 2890 juventas,

58 2893 152 2950 Haud
167 2896 304 2969 equidem
319 2897 415 2969 pretio
432 2897 573 2953 inductus
588 2897 771 2970 pulchroque
782 2897 912 2967 juvenco

57 2973 236 3031 Venissem:
259 2993 312 3032 nec
327 2976 406 3031 dona
420 2977 548 3032 moror.’'
591 2975 640 3032 Sic
655 2976 761 3032 deinde
777 2975 895 3030 locutus
936 2975 994 3032 400

57 3053 94 3108 10
110 3053 241 3109 medinm
257 3056 394 3126 geminos
409 3055 532 3111 immani
546 3055 678 3127 pondere
693 3060 813 3109 caestus

57 3131 195 3205 Projecit,
211 3135 320 3207 quibus
335 3152 402 3190 acer
417 3133 501 3207 Eryx
514 3135 545 3188 in
559 3135 671 3207 proelia
686 3140 789 3188 suetus

56 3210 148 3267 Ferre
164 3230 287 3269 manurn
302 3213 434 3287 duroque
449 3213 604 3268 intendere
619 3212 742 3268 brachia
757 3218 851 3284 tergo.

57 3288 250 3366 Obstupuere
266 3292 377 3348 animi:
400 3297 551 3348 tantorum
567 3291 704 3365 ingentia
720 3302 835 3364 septem

56 3369 157 3444 Terga
171 3370 260 3428 bourn
272 3371 395 3444 plumbo
410 3371 512 3427 insuto
526 3370 664 3448 ferroque
678 3369 832 3449 rigebant.
945 3368 1004 3426 snb
