2204 3676
336 191 495 243 vascua
519 189 657 238 anama
684 190 734 239 v1.
945 177 1005 238 121

71 342 153 401 Ense
169 342 245 414 ferit,
262 343 453 419 sterilemque
467 343 531 413 tibi,
541 341 739 417 Proserpina,
755 360 894 416 vaccam;

71 422 148 479 Tum
166 421 276 498 Stygio
290 424 354 498 regi
369 431 531 480 nocturnas
547 421 669 478 inchoat
684 439 760 492 aras,

71 500 113 557 Et
127 501 225 559 solida
238 502 366 577 imponit
380 508 532 559 taurorum
548 501 664 558 viscera
679 501 817 571 flammis

71 580 189 655 Pingue
204 598 351 656 superque
366 580 464 638 oleum
479 581 607 638 fundens
622 581 795 638 ardentibus
810 581 895 638 extis.

70 660 148 717 Eece
164 666 274 730 nutem,
289 661 379 735 primi
395 661 450 718 sub
465 661 580 717 lumina
594 660 668 717 solis
682 667 712 716 et
727 667 819 728 ortua,
948 661 1005 718 255

72 738 136 796 Sub
150 740 277 814 pedibus
290 740 408 814 mugire
423 740 521 796 solum
534 745 566 796 et
581 741 657 813 juga
671 746 777 812 coepta
792 738 906 796 moveri

71 818 231 887 Silvarum,
247 819 388 895 visaeque
403 836 493 876 canes
508 820 621 876 ululare
635 835 687 893 per
702 819 846 887 umbram,

70 899 267 956 Adventante
282 898 345 956 dea.
390 899 525 956 “Procul
541 915 566 966 o,
582 897 684 972 procul
698 904 771 967 este,
787 897 935 972 profani,”

71 977 249 1034 Conclamat
264 983 358 1046 vates
375 982 390 1007 ‘⁴
401 984 524 1052 totoque
539 977 675 1033 absistite
689 976 775 1048 luco;

71 1056 176 1131 Tuque
190 1057 299 1114 invade
315 1057 405 1126 viam,
423 1058 594 1131 vaginaque
609 1057 688 1131 eripe
704 1057 831 1114 forrum:
947 1059 1004 1115 260

70 1135 160 1192 Nunc
175 1136 282 1193 animis
297 1154 381 1212 opus,
399 1138 514 1205 Aenea,
531 1154 609 1192 nunc
624 1144 742 1211 pectore
758 1136 871 1193 firmo.’'

71 1215 203 1272 Tantum
217 1216 316 1286 effata,
332 1217 434 1273 furens
450 1223 535 1273 antro
552 1235 583 1272 se
600 1216 726 1271 immisit
741 1222 864 1290 apert03
886 1228 897 1241 ·

70 1293 126 1351 Ille
142 1295 247 1351 ducem
262 1295 343 1352 haud
358 1296 472 1352 timidis
487 1297 646 1353 vadentem
662 1295 803 1368 passibus
819 1300 936 1370 aequat.

111 1453 158 1524 Di,
188 1454 297 1528 quibus
331 1455 488 1528 imperium
524 1462 572 1511 est
607 1454 783 1522 animarum,
814 1455 1006 1528 Umbraequo

189 1533 320 1602 silentes

71 1612 112 1670 Et
129 1612 239 1683 chace,
255 1618 287 1669 et
301 1612 429 1687 Phleget
417 1612 500 1682 thou,
516 1612 582 1670 loca
595 1619 682 1670 nocte
697 1618 798 1669 tacent
799 1612 829 1668 ia
786 1612 913 1681 tlate,
947 1615 1004 1670 265

72 1692 120 1749 Sit
134 1692 209 1748 mihi
224 1658 269 1748 las
285 1692 683 1766 auditaloqui,sitnu1nine
700 1700 801 1748 vestro

72 1772 209 1828 Pandere
223 1789 272 1828 ree
270 1751 330 1828 alt
318 1776 349 1828 a
363 1777 444 1828 terra
458 1778 489 1829 et
504 1773 629 1846 caligine
644 1789 766 1828 mersas.

111 1850 200 1907 Ibant
215 1851 333 1907 obscuri
349 1851 414 1908 sola
428 1852 483 1907 sub
499 1861 567 1908 noct
570 1871 585 1907 e
600 1868 653 1925 per
667 1852 811 1921 umbram,

71 1928 188 2004 Perque
204 1930 309 1986 domos
323 1929 405 1986 Ditis
421 1948 532 1987 vacuas
547 1939 577 1986 et
592 1930 694 1986 inania
708 1949 819 2004 tegna:

72 2009 167 2081 Quale
182 2027 235 2084 per
249 2010 393 2066 incertam
409 2009 511 2066 lunam
527 2011 582 2066 sub
597 2010 661 2065 luce
677 2011 812 2084 maligna
948 2009 1006 2069 2Ἰο

72 2088 129 2145 Est
144 2089 201 2144 iter
215 2089 246 2145 in
261 2088 353 2156 silvis,
370 2088 421 2144 ubi
436 2090 551 2145 caelum
567 2090 702 2146 condidit
717 2090 824 2146 umbra

71 2168 201 2242 Jupiter,
217 2173 247 2224 et
262 2167 350 2224 rebus
365 2185 425 2224 nox
440 2169 565 2225 abstulit
580 2175 646 2224 atra
662 2169 797 2225 colorem.

71 2247 266 2303 Vestibulum
282 2253 351 2303 ante
366 2247 474 2320 ipsum,
490 2249 595 2323 primis
609 2249 639 2303 in
654 2248 792 2304 faucibus
807 2245 886 2317 Orci,

72 2327 189 2383 Luctus
204 2332 234 2382 et
249 2326 370 2383 ultrices
385 2344 511 2400 posuere
527 2328 636 2383 cubilia
652 2327 757 2397 (lurae,

72 2406 284 2480 Pallentesque
301 2405 441 2462 habitant
457 2406 564 2476 Morbi,
581 2407 735 2481 tristisque
752 2406 907 2475 Senectus,
949 2406 1009 2466 275'

71 2485 113 2542 Et
127 2485 238 2554 Metus
254 2490 284 2541 et
298 2484 474 2542 malesuada
489 2486 608 2554 Fumea,
625 2504 659 2542 ac
673 2485 770 2560 turpia
785 2486 926 2558 Egestas

71 2564 234 2622 Terribiles
249 2564 319 2620 visu
334 2564 455 2639 formae,
472 2565 652 2639 Letumque,
669 2565 848 2640 Labosque;

71 2643 149 2701 Tum
164 2643 407 2716 consanguineus
424 2645 492 2700 Leti
509 2643 612 2719 Sopor,
628 2650 659 2700 et
674 2645 754 2701 mala
768 2645 878 2702 mentis

72 2722 201 2790 Gaudia,
218 2723 463 2797 mortiferumque
479 2723 606 2779 adverso
621 2724 652 2781 in
667 2723 768 2780 limine
784 2724 912 2791 Bellum,

72 2803 232 2876 Ferreiqne
242 2801 444 2858 Eumenidum
455 2801 591 2873 thalami,
599 2803 796 2860 ctDiscordia
806 2803 938 2871 demens
949 2804 1005 2860 280

71 2882 236 2956 Vipereum
251 2881 362 2938 crinem
378 2881 464 2938 vittis
478 2882 587 2938 innexa
601 2883 740 2940 cruentis.

111 3040 148 3097 In
164 3040 263 3096 medio
277 3057 378 3096 ramos
393 3056 566 3113 annosaque
580 3039 703 3098 brachia
716 3041 822 3115 pandit

71 3118 183 3176 Ulmus
198 3137 301 3194 opaca,
318 3119 435 3192 ingene,
453 3136 543 3192 quam
558 3120 660 3175 sedem
676 3119 801 3176 Somnia
815 3119 907 3192 vulgo

72 3199 163 3255 Vana
178 3204 280 3255 tenere
297 3198 404 3266 ferunt,
421 3197 560 3270 foliisque
578 3199 634 3254 sub
650 3199 788 3254 omnibus
803 3197 935 3254 haerent.

72 3278 229 3352 Multaque
245 3283 402 3351 praeterea
416 3276 568 3333 variarum
583 3283 720 3333 monstra
734 3278 874 3344 ferarum,
950 3276 1006 3330 285

72 3356 226 3426 Centauri,
242 3356 273 3413 in
290 3355 405 3411 foribus
421 3355 584 3425 stabulant,
602 3355 783 3433 Scyllaeque
797 3356 951 3424 bilormes,
