2204 3676
345 230 503 283 vnacrrn
526 231 666 281 555555
691 233 749 280 111.
973 219 1015 285 67

74 384 299 462 Exsultantqne
314 385 401 457 vada,
417 389 508 460 atque
523 390 611 442 aestu
624 385 791 444 miscentur
805 404 919 443 arenae.

73 465 116 523 Et
129 472 215 542 pater
230 465 400 524 Anchises:
424 463 606 521 “Nimirum
621 464 695 523 hacc
710 466 763 522 illa
778 465 970 540 Charybdis;

74 545 142 603 Hos
158 546 296 603 Helenus
311 545 458 619 scopulos,
476 544 550 602 haec
566 562 640 600 sana
655 544 804 601 horrenda
818 546 962 602 canebat:

73 625 199 701 Eripite,
216 643 233 681 5
249 624 331 694 55511,
347 625 520 698 pariterque
535 624 682 697 insurgite
698 624 787 680 remis
798 623 804 680 l
814 627 830 655 ”
956 627 1013 682 560

74 704 168 761 Haud
182 704 282 760 minus
297 721 332 760 ac
348 704 426 776 jussi
441 703 575 776 iaciunt;
597 703 771 778 primusque
786 704 945 761 rudentem

74 783 231 840 Contorsit
244 783 349 839 laevas
362 800 484 857 proram
500 781 663 838 Palinurus
678 783 716 839 ad
732 781 847 855 uudas;

72 861 209 919 Laevum
223 867 332 919 cuncta
345 861 453 919 cohors
467 861 557 918 remis
572 862 732 936 ventisque
746 863 864 935 petivit.

71 941 220 998 Tollimur
234 942 263 998 in
279 941 394 998 caelum
409 946 535 998 curvato
550 940 678 1014 gurgite,
691 945 722 997 55
736 941 814 998 idem

73 1020 230 1078 Subducta
245 1021 282 1077 ad
298 1021 408 1078 Manes
421 1021 500 1077 imos
514 1020 687 1076 desedimus
702 1021 792 1078 unda.
955 1023 1012 1079 565

72 1100 132 1157 Τ55
146 1101 260 1176 scopuli
275 1100 433 1157 clamorem
447 1100 527 1156 inter
540 1118 615 1156 cava
630 1117 703 1158 saxa
718 1099 833 1169 dedere,

73 1180 132 1237 Ter
146 1177 285 1255 spumam
299 1180 404 1237 elisam
419 1184 450 1235 et
464 1180 598 1236 rorantia
612 1178 745 1235 vidimus
761 1185 851 1236 astra.

72 1259 193 1318 Interea
207 1261 303 1316 sessos
318 1263 428 1315 ventus
443 1276 511 1315 cum
526 1259 587 1314 sole
602 1258 733 1333 reliquit,

72 1336 235 1414 Ignarique
252 1338 317 1394 viae
333 1337 503 1413 Cyclopum
517 1337 675 1394 allabimur
689 1338 756 1396 oria.

114 1498 226 1554 Portus
241 1497 278 1554 ab
293 1515 415 1554 accessu
430 1502 589 1555 ventorum
604 1498 749 1555 immotus
764 1503 795 1555 et
809 1497 917 1570 iugens
956 1499 1013 1557 510

71 1577 163 1652 Ipse3
185 1578 237 1634 sed
253 1577 398 1634 horrificis
414 1578 503 1650 juxta
516 1583 602 1635 tonat
618 1577 719 1634 Aetna
732 1576 836 1644 ruinis,

72 1657 288 1730 Interdumque
303 1664 398 1713 atram
411 1657 579 1732 prorumpit
594 1658 631 1713 ad
648 1657 769 1713 aethera
784 1656 902 1727 nubem,

71 1736 204 1795 Turbine
219 1736 384 1792 fumantem
398 1736 481 1810 piceo
496 1742 526 1793 et
540 1737 686 1793 candente
701 1736 813 1804 favilla,

72 1816 256 1890 Attollitque
271 1815 377 1888 globos
392 1814 588 1883 flammarum,
604 1820 634 1871 ct
649 1816 747 1872 sidera
760 1815 885 1889 lumbit3

72 1896 231 1955 Interdum
246 1895 384 1970 scopulos
400 1895 565 1969 avulsaque
581 1895 697 1951 viscera
711 1894 823 1951 montis
955 1895 1012 1955 575

71 1975 175 2050 Erigit
188 1980 335 2044 eructans
352 1974 571 2048 liquefactaque
587 1992 660 2029 saxa
674 1974 730 2030 sub
746 1990 834 2030 auras

74 2054 153 2113 Cum
168 2054 282 2128 gemitu
298 2054 453 2127 glomerat,
470 2053 622 2128 fundoque
638 2058 795 2109 exaestuat
810 2054 879 2110 imo.

73 2132 169 2192 Fama
183 2139 238 2202 est,
251 2133 395 2190 Enceladi
411 2134 590 2190 semiustum
604 2132 728 2188 fulmine
743 2149 852 2206 corpus

72 2213 184 2287 Urgeri
199 2213 276 2270 mole
292 2213 356 2281 hac,
373 2213 587 2286 ingentemque
603 2211 725 2286 insuper
741 2210 874 2268 Aetnam

73 2292 251 2368 Impositum
265 2293 362 2367 ruptis
376 2290 528 2348 flammam
544 2291 693 2366 exspirare
709 2291 841 2359 caminis,
954 2293 1012 2348 580

73 2371 125 2442 Ε5,
140 2373 253 2429 fessum
268 2372 386 2445 quoties
401 2377 499 2428 mutet
513 2372 602 2438 latus,
619 2370 778 2426 intremere
794 2386 912 2426 ornnem

74 2451 229 2509 Murmure
245 2450 432 2508 Trinacriam
447 2456 478 2507 et
492 2451 608 2507 caelum
624 2451 780 2506 subtexere
795 2449 886 2506 fumo.

113 2610 241 2668 Noctem
255 2610 337 2667 illam
351 2610 424 2668 tecti
440 2610 527 2667 silvis
542 2609 684 2666 Immania
698 2613 834 2665 monstra

73 2690 265 2762 Perferimus,
281 2708 343 2760 nec,
360 2709 436 2766 quae
451 2691 585 2747 sonitum
600 2689 650 2745 det
664 2706 762 2756 causa,
776 2688 931 2744 videmus:

73 2769 153 2827 Nam
162 2788 257 2844 neque
269 2776 354 2826 55555
366 2775 515 2826 astrorum
526 2770 621 2842 ignes,
633 2785 686 2824 nec
698 2767 816 2823 lucidus
829 2765 934 2822 aethra
956 2769 1011 2825 585

74 2849 198 2907 Siderea
211 2850 308 2924 polus,
326 2849 451 2906 obscuro
466 2850 518 2905 sed
534 2847 637 2904 nubila
652 2846 742 2915 caclo,

75 2928 115 2985 Et
128 2929 230 2985 lunam
244 2929 275 2985 in
289 2928 391 2985 nimbo
406 2946 466 2985 nox
480 2929 663 3001 intempesta
676 2924 806 2982 tenebat.

114 3087 242 3144 Postera
257 3089 380 3162 jamque
396 3087 460 3143 dies
474 3086 571 3160 primo
586 3084 730 3158 surgebat
744 3082 817 3151 Eae,

74 3166 319 3240 Humentemquc
334 3167 455 3222 Aurora
469 3167 538 3239 5515
553 3165 722 3221 dimoverat
736 3163 892 3219 umbram:

75 3247 177 3319 Quum
191 3245 290 3303 subito
305 3263 321 3301 e
336 3245 430 3313 silvis,
446 3245 540 3301 macie
555 3243 691 3300 confecta
705 3258 853 3314 suprema,
956 3244 1014 3299 590

73 3322 179 3399 Ignoti
194 3342 274 3381 nova
288 3325 383 3380 forma
397 3324 455 3380 viri
470 3321 700 3396 miserandaque
715 3320 798 3376 cultu

75 3403 222 3471 Procedit,
238 3402 424 3477 supplexque
439 3420 549 3462 manus
566 3402 605 3464 ad
619 3401 713 3462 litora
725 3400 838 3462 tendit.
860 3429 865 3435 ·
