2204 3676
327 202 486 251 vnuernr
511 203 648 250 lnnnrs
675 204 724 252 v1.
944 197 1007 262 125

65 356 233 411 Aeternum
249 354 365 410 latrans
380 370 551 428 exsangues
566 360 679 412 terreat
693 356 824 427 umbras,

64 431 159 490 Casta
172 432 244 490 lieet
256 433 357 507 patrui
372 438 472 490 servet
487 431 668 509 Proserpina
683 434 782 492 limen.

65 511 174 569 Troius
190 513 321 582 Aeneas,
336 512 451 587 pietate
466 512 594 587 insignis
609 515 755 585 sturmis

64 592 116 651 Ar
130 592 296 666 genitorem
313 592 392 648 imas
407 591 499 648 Erebi
514 593 670 650 deseendit
686 594 724 651 ad
740 596 870 655 umbrae.

65 671 99 728 Si
114 678 144 728 te
160 671 243 727 nulla
256 679 365 728 movet.
373 676 478 728 tantae
492 671 616 746 pietatis
631 673 741 747 imago,
949 680 1005 736 405

63 753 110 807 At
123 768 240 808 ramum
255 750 335 807 hunc
346 752 362 782 ’'
378 749 493 826 (aperit
507 769 633 822 ramum,
649 753 701 827 qui
717 761 800 812 veste
816 755 945 832 latebat)

63 835 80 860 “
90 831 282 905 Agnosces.''
323 829 453 887 Tumida
468 847 506 887 ex
520 831 565 888 ira
579 837 645 888 tum
660 833 750 890 eorda
765 835 912 905 residunt,

62 909 130 968 Nee
145 911 232 985 plura
246 909 300 966 his.
343 909 399 966 Ille
416 909 569 967 admirans
584 912 754 970 venerabile
770 914 883 971 donum

63 989 182 1047 Fatalis
197 988 310 1063 virgae,
326 988 417 1063 longo
431 993 502 1064 post
516 996 650 1065 tempore
666 992 774 1061 visum,

64 1069 243 1128 Caeruleum
259 1069 392 1126 advertit
407 1069 542 1144 puppim,
558 1072 698 1146 ripaeque
713 1073 903 1148 propinquat.
948 1077 1005 1131 410

62 1148 140 1206 Inde
155 1149 230 1206 alias
245 1148 370 1217 animas,
386 1167 462 1223 quae
476 1166 529 1223 per
538 1152 615 1224 juga
629 1151 721 1225 longa
735 1153 890 1222 sedebant,

63 1227 224 1298 Deturbat,
240 1228 382 1302 laxatque
398 1229 498 1302 foros3
520 1230 609 1286 simul
627 1231 735 1306 accipit
750 1233 836 1289 alveo

62 1308 225 1383 Ingentem
240 1307 374 1365 Aenean.
419 1308 543 1367 Gemuit
557 1311 614 1366 sub
629 1311 760 1384 pondere
775 1313 886 1387 cymba

64 1387 179 1458 Sutilis,
195 1394 227 1444 et
240 1387 367 1444 multam
383 1389 498 1464 accepit
513 1390 625 1446 rimosa
639 1390 788 1464 paludem.

63 1468 201 1524 Tandem
210 1471 296 1524 trans
305 1467 429 1524 fluvium
440 1468 605 1525 incolumes
612 1476 771 1545 vatemque
781 1470 937 1546 virumque
946 1474 1002 1530 415

62 1547 189 1605 Informi
203 1546 275 1603 limo
290 1547 456 1623 glaucaque
470 1548 594 1624 exponit
608 1548 641 1606 in
656 1549 735 1607 ulva.

105 1706 252 1766 Cerberus
267 1705 341 1764 haee
356 1707 463 1780 ingens
478 1708 590 1765 latratu
607 1726 702 1783 regna
716 1710 835 1768 trifauci

62 1787 222 1856 Personat,
239 1786 367 1843 adverso
382 1787 529 1843 recubans
544 1788 685 1845 immanis
701 1790 731 1846 in
747 1800 842 1848 011110.

63 1866 119 1924 Cui
136 1871 230 1935 vates,
247 1865 367 1922 horrere
383 1866 489 1922 videns
499 1869 562 1940 jam
577 1868 653 1924 eolla
668 1869 804 1939 colubris

62 1947 155 2004 Melle
172 1949 344 2021 soporatam
358 1950 389 2002 et
404 1946 562 2002 medicatis
576 1946 712 2021 frugibus
728 1948 815 2006 offam
946 1953 1004 2007 420

62 2025 192 2101 Objicit3
214 2024 263 2081 ille
277 2025 357 2081 fame
371 2026 479 2081 rabida
494 2027 554 2082 tria
569 2033 693 2100 guttura
708 2030 843 2103 pandens

63 2105 195 2181 Corripit
209 2103 366 2177 objectam,
383 2110 473 2180 atque
488 2106 634 2163 immania
649 2113 736 2181 terga
751 2108 876 2166 resolvit

63 2185 163 2243 Fusus
178 2184 271 2253 humi,
286 2189 410 2259 totoque
426 2186 536 2259 ingens
551 2187 723 2242 extenditur
738 2193 832 2246 antro.

63 2265 199 2340 Occupat
214 2268 336 2321 Aeneas
352 2264 467 2321 aditum
484 2264 609 2323 custode
624 2263 751 2340 sepulte,

62 2345 236 2421 Evaditque
250 2343 329 2402 celer
343 2344 440 2419 ripam
455 2345 652 2402 irremeabilis
667 2347 774 2404 undae.
943 2351 1001 2406 425

102 2504 255 2564 Continuo
270 2503 392 2560 auditae
409 2521 506 2571 voees,
523 2505 646 2579 vagitus
661 2510 692 2562 et
706 2506 821 2580 ingens,

62 2584 277 2659 Infantumque
293 2583 411 2639 animae
428 2583 541 2652 flentes,
558 2584 589 2641 in
604 2585 708 2642 limine
722 2587 827 2660 primo,

62 2666 147 2739 Quos
159 2664 257 2722 dulcis
273 2662 353 2719 vitae
368 2670 505 2719 exsortes
520 2669 550 2719 et
566 2664 603 2720 ab
621 2664 711 2721 ubere
726 2671 830 2740 raptos

62 2745 201 2802 Abstulit
216 2749 282 2800 atra
295 2741 361 2798 dies
375 2748 406 2798 et
421 2742 523 2798 funere
540 2743 645 2802 mersit
660 2746 774 2803 acerbo.

62 2825 130 2882 Hos
140 2825 228 2898 juxta
242 2820 318 2878 falso
334 2821 470 2878 damnati
486 2822 610 2880 crimine
625 2824 740 2881 mortis.
943 2829 1000 2882 430

61 2904 126 2962 Νο0
140 2920 212 2961 vero
227 2901 283 2958 hae
299 2901 364 2957 sine
381 2907 460 2958 sorte
477 2900 574 2971 datae,
591 2903 654 2960 sine
665 2905 775 2977 judice,
793 2904 898 2962 sedes:

61 2983 222 3057 Quaesitor
235 2980 338 3038 Minos
354 2998 461 3036 urnam
476 2987 578 3039 movet
591 3002 597 3055 ;
619 2983 669 3040 ille
685 2984 828 3040 silentum

61 3063 291 3136 Conciliumquc
307 3066 404 3129 vocat,
420 3060 561 3134 vitasque
576 3068 607 3118 et
622 3064 747 3120 crimina
762 3064 858 3120 discit.

100 3143 242 3201 Proxima
257 3139 363 3197 deinde
378 3145 484 3197 tenent
498 3141 608 3198 maesti
623 3143 697 3212 loca,
713 3143 764 3218 qui
781 3143 839 3200 sibi
853 3144 947 3200 letum

58 3223 203 3281 Insontes
215 3236 356 3298 peperere
373 3237 473 3290 manu,
489 3220 646 3295 lucemque
661 3222 758 3296 perosi
941 3223 999 3281 435

59 3304 214 3380 Projecere
229 3300 355 3358 animas.
400 3299 499 3371 Quam
515 3299 628 3357 vellent
643 3300 763 3357 aethere
778 3301 809 3357 in
824 3303 886 3359 alto

58 3383 149 3444 Nune
163 3389 194 3440 et
203 3379 377 3454 pauperiem
392 3385 423 3434 et
438 3379 531 3439 duros
546 3380 679 3458 perferre
692 3379 839 3444 laboresl
