2204 3676
97 173 138 240 76
366 189 524 240 vnaerm
547 189 686 236 annuis
711 189 763 239 1v.

97 338 153 398 uui
167 341 310 414 pharetra
325 358 362 398 ex
377 358 457 410 auro,
474 339 570 397 crines
585 340 736 397 nodantur
750 340 781 397 in
796 356 912 411 aurum,

96 419 200 477 Aurea
214 437 396 494 purpuream
411 419 563 476 subnectit
578 419 670 476 fibula
683 426 807 477 vestem.

96 497 160 557 Nec
174 517 235 556 non
249 508 280 555 et
296 499 423 573 Phrygii
438 499 563 556 comites
578 504 608 555 et
622 499 720 555 laetus
736 499 822 556 Iulus
977 501 1030 559 14⁰

96 577 253 635 Incedunt.
297 577 367 651 Ipse
382 584 451 634 ante
467 578 542 634 alios
556 578 774 652 pulcherrimus
790 596 894 636 omnes

96 656 192 715 Infert
207 674 238 714 se
254 658 367 713 socium
382 658 503 712 Aeneas
518 663 607 730 atque
623 658 745 730 agmina
753 658 864 731 jungit.

99 737 204 808 Qualis
219 736 269 791 ubi
285 735 440 791 hibernam
456 736 584 809 Lyciam
599 735 775 810 Xanthique
790 735 902 793 fluenta

98 814 218 890 Deserit
233 833 266 871 ac
282 815 392 871 Delum
406 820 573 870 maternam
588 815 694 871 invisit
709 815 830 888 Apollo,

98 893 311 968 Instauratque
326 893 441 962 choros,
458 894 603 969 mixtique
618 895 725 950 altaria
739 895 850 951 circum
974 891 1030 954 145

99 973 261 1048 Cretesque
278 974 475 1047 Dryopesque
490 973 621 1029 fremunt
634 974 767 1047 pictique
783 973 974 1050 Agathyrsi3

98 1054 169 1126 Ipse
179 1054 262 1127 jugis
279 1053 393 1126 Cynthi
408 1053 553 1125 graditur,
569 1053 711 1127 mollique
726 1052 869 1109 fluentem

98 1131 216 1189 Fronde
230 1132 339 1206 premit
353 1132 464 1188 crinem
479 1132 596 1206 fingens
612 1138 702 1206 atque
716 1132 851 1205 implicat
865 1149 948 1204 auro,

99 1211 173 1268 Tela
187 1217 296 1268 sonant
311 1211 458 1268 humeris:
483 1211 563 1268 haud
577 1211 628 1268 illo
644 1212 765 1285 segnior
779 1212 844 1270 ibat

98 1291 237 1364 Aeneas;
259 1296 377 1347 tantum
392 1291 514 1364 egregio
530 1291 621 1347 decus
636 1291 730 1347 enitet
745 1307 803 1348 ore.
979 1293 1035 1349 150

100 1372 267 1444 Postquam
282 1371 360 1426 altos
375 1375 500 1425 ventum
514 1370 546 1426 in
560 1376 678 1426 montes
694 1375 783 1444 atque
798 1369 883 1427 invia
897 1369 1003 1442 lustra,

99 1450 176 1507 Ecce
191 1450 278 1518 ferae,
295 1450 359 1506 saxi
374 1449 505 1522 dejectae
521 1450 639 1520 vertice,
657 1467 763 1523 caprae

100 1529 263 1586 Decurrere
273 1529 374 1602 jugis;
396 1528 455 1584 alia
470 1529 506 1584 de
520 1534 605 1602 parte
619 1535 758 1602 patentes

100 1608 323 1665 Transmittunt
337 1625 426 1664 cursu
441 1624 562 1681 campos
578 1613 667 1682 atque
683 1609 804 1682 agmina
818 1609 899 1666 cervi

100 1688 316 1745 Pulverulenta
325 1687 398 1760 fuga
407 1687 584 1760 glomerant,
596 1692 772 1761 montesque
782 1688 964 1762 relinquunt.
978 1689 1035 1746 155

100 1766 145 1823 At
158 1784 232 1840 puer
246 1766 398 1823 Ascanius
413 1765 520 1821 mediis
536 1765 567 1821 in
583 1767 714 1823 vallibus
730 1767 789 1823 acri

101 1845 220 1903 Gaudet
234 1863 318 1918 eque,
329 1847 451 1918 jamque
468 1843 523 1900 hos
538 1862 635 1915 cursu,
647 1848 711 1919 jam
725 1847 867 1920 praeterit
881 1845 959 1916 illos,

101 1924 358 1998 Spumantemque
374 1923 439 1980 dari
454 1941 562 1997 pecora
576 1925 654 1981 inter
668 1925 776 1981 inertia
790 1925 870 1982 votis

100 2002 195 2079 Optat
210 2020 324 2076 aprum,
341 2008 394 2059 ant
409 2003 527 2058 fulvum
541 2003 719 2060 descendere
734 2010 836 2061 monte
850 2005 976 2062 leonem.

141 2161 260 2219 Interea
274 2179 386 2236 magno
400 2161 520 2219 misceri
534 2180 687 2219 murmure
702 2164 827 2220 caelum·
836 2160 857 2199 ·‘''
981 2165 1039 2221 160

101 2241 231 2317 Incipit3
252 2241 421 2315 insequitur
435 2241 598 2298 commixta
613 2242 757 2316 grandine
772 2243 910 2302 nimbos:
1010 2271 1013 2277 ¹

101 2321 143 2379 Et
158 2321 241 2396 Tyrii
256 2321 379 2377 comites
394 2320 509 2394 passim
524 2326 554 2376 et
569 2321 698 2394 Trojana
715 2324 860 2396 juventus
898 2340 916 2370 ·.

101 2400 330 2474 Dardaniusque
346 2417 439 2473 nepos
455 2400 582 2456 Veneris
598 2400 718 2457 diversa
731 2418 784 2475 per
799 2419 888 2475 agros

101 2480 194 2537 Tecta
208 2485 290 2536 metu
303 2480 415 2553 petiere
430 2500 437 2552 ;
458 2484 552 2535 ruunt
566 2479 603 2535 de
617 2480 770 2537 montibus
786 2499 896 2540 amnes

102 2559 280 2634 Speluncam
295 2559 374 2616 Dido
390 2559 451 2615 dux
464 2564 495 2614 et
511 2558 656 2631 Trojanus
671 2559 797 2616 eandem

102 2639 282 2696 Deveniunt.
326 2638 430 2693 Prima
444 2643 475 2694 ct
491 2637 593 2694 Tellus
608 2639 789 2711 ct'pronnba
803 2640 824 2697 J
826 2658 886 2697 uno

102 2718 186 2775 Dant
201 2718 338 2790 signnm;
360 2718 468 2774 fulsere
483 2718 569 2790 ignes
584 2723 614 2774 et
628 2718 766 2774 conscius
782 2719 884 2775 aether
1037 2730 1063 2764 N

104 2798 278 2867 connubiis,
296 2814 473 2870 summoque
488 2797 643 2852 ulularunt
656 2797 767 2853 vertice
782 2797 952 2874 Nymphae.
1067 2772 1092 2833 I

103 2877 159 2936 Ille
174 2877 239 2933 dies
254 2876 367 2950 primus
382 2877 436 2932 leti
449 2875 624 2950 primusque
639 2875 786 2932 malorum

105 2957 207 3014 Oansa
220 2957 296 3012 fuit:
318 2973 414 3029 noque
429 2955 508 3010 enim
523 2955 621 3028 specie
636 2955 755 3012 fanrove
769 2962 914 3028 movetur,
987 2958 1030 3019 llr

105 3036 168 3093 Nec
184 3038 248 3109 -jam
264 3035 410 3091 furtivum
426 3034 506 3090 Dido
521 3034 686 3091 meditatur
701 3052 853 3108 amorem;

106 3115 289 3188 Oonjugium
303 3119 410 3171 vocat:
433 3113 489 3170 hoc
503 3114 651 3188 praetexit
666 3115 787 3170 nomine
801 3115 930 3190 culpam.

147 3272 307 3346 Extemplo
323 3272 443 3346 Libyae
457 3289 585 3346 magnas
601 3271 624 3328 it
639 3271 735 3330 Fama
747 3290 800 3349 per
813 3275 912 3347 urbes,

98 3353 205 3421 Fama,
223 3351 348 3426 malum,
366 3368 426 3429 qua
441 3368 502 3410 non
517 3351 600 3410 aliud
614 3351 748 3410 velocius
763 3352 878 3412 ullum:
