2204 3676
6 3584 33 3620 h

65 159 107 222 92
348 172 506 221 vuaersr
530 172 668 221 annuis
692 173 725 222 v.

65 323 229 399 'sumpius
245 322 384 382 Aeneas:
407 322 581 397 “Equidem
598 324 641 381 sie
654 341 776 398 poscere
792 327 901 382 ventos

64 405 87 462 J
89 405 253 462 amdudum
268 409 299 460 et
313 404 425 460 frustra
439 420 526 460 cerno
541 409 571 460 to
586 404 708 461 tendere
723 408 835 461 eontra.

66 483 167 542 Flecte
183 483 265 539 viam
281 483 364 540 velis.
408 483 460 539 Au
475 482 516 538 sit
530 483 604 539 mihi
621 485 736 557 gratior
751 483 821 554 ulla,

67 565 172 637 Quove
188 562 287 635 magis
302 563 398 618 fessas
413 568 513 636 optem
530 562 687 618 demittere
703 580 806 631 naves,

67 643 163 715 Quam
179 659 256 715 quae
272 641 459 697 Dardanium
474 640 565 697 tellus
579 641 653 697 mihi
669 648 769 699 servat
784 643 927 712 Acesten,
963 643 1002 700 30

65 721 107 779 Et
121 721 217 796 patris
233 719 387 776 Anchisae
403 719 517 792 gremio
533 719 739 795 complectitur
753 737 824 777 ossa
834 718 846 777 i
856 722 873 752 ''

66 801 152 858 Haec
166 800 215 855 ubi
233 799 321 868 dieta,
337 804 445 873 petunt
458 804 571 872 portus,
588 806 619 856 et
635 799 700 856 vela
714 799 837 856 secundi

65 879 232 937 Intendunt
246 878 396 953 Zephyri:
419 877 512 934 fertur
526 879 585 935 cita
599 879 720 953 gurgite
735 879 850 950 classis,

65 958 108 1018 Et
121 959 244 1015 tandem
259 957 331 1014 laeti
345 964 436 1027 notae
451 957 649 1014 advertuntur
664 975 780 1015 arenae.

105 1118 150 1176 At
164 1117 267 1192 procul
281 1134 318 1173 ex
332 1117 412 1174 celso
426 1117 554 1174 miratus
565 1117 677 1174 vertice
691 1117 803 1174 montis
965 1117 1004 1175 35

66 1198 242 1257 Adventum
258 1196 415 1270 sociasque
434 1202 519 1264 rates,
535 1197 661 1253 occurrit
676 1198 814 1267 Acestes,

68 1278 217 1335 Horridus
232 1277 261 1332 in
278 1276 386 1348 jaculis
401 1280 431 1331 et
445 1275 521 1350 pelle
537 1275 708 1350 Libystidis
723 1293 819 1345 ursae,

65 1356 155 1413 Troia
171 1356 288 1414 Criniso
303 1360 480 1427 conceptum
496 1353 616 1411 flumine
632 1360 727 1412 mater

67 1437 163 1509 Quem
179 1434 291 1508 genuit.
336 1432 481 1490 Veterum
496 1451 556 1489 non
570 1434 725 1491 immemor
739 1434 789 1492 ills
802 1439 974 1509 pareutum,

68 1515 213 1574 Gratatur
226 1513 359 1583 reduces,
375 1518 407 1569 et
422 1531 498 1586 gaza
512 1513 610 1570 laetus
626 1513 738 1587 agresti
963 1516 1003 1572 40

67 1594 195 1670 Excipit,
212 1611 245 1650 ae
260 1592 357 1649 fessos
372 1593 481 1668 opibus
496 1592 612 1650 solatur
626 1593 738 1651 amieis

107 1753 234 1811 Postera
249 1752 450 1828 quamprimo
466 1751 570 1808 stellas
586 1750 709 1810 Oriente
723 1753 847 1828 fugarat

68 1832 157 1890 Clara
173 1832 245 1898 dies,
262 1832 360 1888 socios
375 1832 406 1887 in
421 1837 539 1888 coetum
553 1831 640 1889 litere
656 1833 693 1889 ab
708 1833 789 1890 omni

67 1911 208 1968 Advoeat
223 1911 353 1980 Aeneae,
368 1911 535 1984 tumulique
550 1929 587 1968 ox
602 1929 712 1986 aggere
726 1913 823 1969 fatur:

68 1996 84 2021 “
101 1989 293 2048 Dardanidae
308 1990 419 2063 magni,
437 2008 533 2063 genus
549 1990 610 2047 alto
625 2009 643 2047 a
658 1993 805 2064 sanguine
821 1991 935 2062 divum,
964 1992 1004 2049 45

55 2071 198 2128 *Annuus
212 2069 326 2126 exactis
342 2069 507 2144 completur
524 2070 677 2126 mensibus
692 2072 781 2140 orbis,

68 2150 115 2206 ux
129 2167 187 2224 quo
202 2148 343 2222 reliquias
358 2149 511 2222 divinique
527 2166 597 2206 ossa
609 2151 744 2224 parentis

69 2228 265 2286 Condidimus
279 2233 368 2297 terra,
384 2232 575 2302 maestasque
590 2231 775 2286 sacravimus
791 2245 878 2299 aras;

68 2309 88 2366 J
91 2326 197 2383 amque
213 2308 285 2375 dies,
303 2307 359 2363 nisi
375 2307 470 2376 fallor,
487 2308 581 2375 adest,
598 2327 685 2383 quern
701 2325 818 2383 semper
832 2306 982 2376 acerbum,

70 2388 195 2461 Semper
210 2386 386 2443 honoratum
405 2386 464 2460 (sic
479 2387 508 2442 di
523 2388 678 2462 voluistis)
695 2388 819 2445 habebo.
965 2389 1006 2446 50

69 2467 160 2524 Hune
174 2484 231 2540 ego
247 2465 385 2524 Gaetulis
400 2484 520 2540 agerem
536 2467 562 2522 si
579 2466 720 2542 Syrtibus
735 2467 829 2537 exsul,

68 2547 251 2620 Argolicove
267 2545 342 2601 mari
358 2546 533 2620 deprensus,
549 2551 580 2602 et
594 2547 667 2603 urbe
683 2547 839 2621 Mycenae,

68 2627 181 2684 Annua
196 2631 267 2681 vota
281 2632 383 2681 tamen
399 2619 617 2700 sollemnesque
632 2627 735 2683 ordine
751 2641 880 2700 pompas

68 2705 263 2779 Exsequerer‚
280 2710 484 2778 strueremque
500 2705 562 2761 suis
578 2705 685 2762 altaria
700 2705 794 2762 donis.

67 2784 155 2842 Nunc
171 2785 248 2842 ultro
264 2784 302 2840 ad
317 2783 432 2841 eineres
447 2784 544 2859 ipsius
558 2790 589 2840 et
604 2802 673 2841 ossa
687 2784 831 2859 parentis,
964 2785 1003 2843 55

69 2864 178 2941 (Haud
193 2863 332 2939 equidem
347 2863 410 2920 sine
426 2869 525 2920 mente
540 2880 613 2932 reor,
631 2865 694 2921 siue
709 2863 831 2920 numine
846 2861 977 2939 divim)

69 2944 234 3013 Adsumus,
249 2948 280 2999 et
294 2948 400 3016 portus
416 2943 508 2999 delati
523 2943 671 3001 intramus
687 2943 815 3000 amicos:
964 3016 967 3021 Ι

69 3022 151 3097 Ergo
167 3024 257 3096 agite,
273 3027 304 3078 et
317 3021 433 3078 laetum
447 3023 546 3079 cuncti
561 3023 743 3081 celebremus
759 3022 923 3096 honorem3

72 3101 236 3158 Poscamus
251 3105 368 3170 ventos
385 3107 474 3174 atque
490 3101 564 3158 haee
578 3121 624 3158 me
640 3120 726 3159 saera
740 3100 904 3175 quotannis

70 3181 151 3238 Urbe
167 3180 242 3237 velit
255 3180 356 3253 posita
370 3179 490 3253 templis
506 3179 561 3235 sibi
577 3180 652 3238 ferre
668 3181 784 3238 dicatis.
967 3181 1006 3239 60

68 3262 148 3320 Bina
162 3261 252 3317 boum
269 3259 356 3315 vobis
372 3258 463 3332 Troja
478 3264 639 3332 generatus
656 3261 785 3318 Acestes

60 3339 129 3397 Dat
140 3354 270 3398 numero
284 3338 388 3414 capita
401 3337 433 3397 in
447 3354 563 3413 naves,
584 3339 724 3398 adhibete
740 3339 872 3398 Penates
