2204 3676
103 202 163 265 32-
384 217 542 267 vnasrnr
566 216 704 262 sannis
729 217 769 263 11.

138 385 172 425 oo
186 367 286 442 ipsum
300 371 334 424 ut
349 372 479 424 strueret
493 366 670 440 Trojamque
687 367 816 440 aperiret
831 366 970 439 Achivis,
1010 372 1050 429 60

105 445 271 515 Obtulerat,
289 445 383 503 fidens
400 447 499 516 animi,
517 453 607 520 atque
623 447 654 501 in
668 451 827 521 utrumque
842 457 977 520 paratus,

105 524 164 583 Seu
179 542 298 582 versare
314 525 407 594 dalea,
424 542 477 581 seu
492 530 588 580 certae
604 526 777 581 occumbere
792 527 889 583 morti.

104 604 246 679 Undique
262 604 380 660 visendi
395 604 495 660 studio
512 603 642 676 Trojana
651 605 798 676 juventus

106 683 295 742 Circumfusa
308 684 378 752 ruit,
395 688 569 756 certantque
585 683 708 740 illudere
723 689 818 758 capto

104 762 217 837 Accipe
232 779 310 818 nunc
325 761 466 818 Danarim
481 761 615 831 insidiae,
631 768 662 818 et
676 763 800 820 crimine
816 763 853 820 ab
867 782 927 821 uno
1009 767 1047 824 65

104 841 195 899 Disce
211 859 323 898 omnes.

104 920 244 995 Namque
261 926 293 977 ut
307 926 469 996 conspectu
484 919 515 976 in
530 920 629 976 medio
643 920 792 991 turbatus,
808 921 941 993 inermis,

105 999 250 1058 Constitit
263 1005 352 1074 atque
368 1000 462 1057 oculis
477 999 616 1072 Phrygia
628 1001 753 1074 agmina
765 1001 987 1075 circumspexit,

104 1079 208 1150 “Heu,
224 1096 299 1154 quae
315 1097 394 1136 nunc
408 1078 528 1148 tellus‚’'
548 1079 655 1153 inquit,
678 1084 694 1108 “
705 1097 782 1154 quae
797 1098 845 1137 me
866 1097 998 1156 aequora

84 1170 94 1183 ’
221 1165 350 1232 possunt

103 1237 256 1312 Accipere,
273 1244 325 1294 aut
341 1237 413 1312 quid
424 1239 487 1310 jam
504 1236 614 1293 misero
621 1237 703 1294 mihi
718 1237 845 1312 denique
861 1245 964 1309 restat,
1007 1238 1041 1299 ’ῐθ

104 1316 272 1392 omneque
288 1318 366 1391 apud
382 1317 508 1373 Danaos
523 1334 650 1391 usquam
666 1318 758 1386 loona,
774 1324 805 1374 et
820 1335 908 1392 super
922 1318 982 1393 ipsi

104 1396 297 1454 Dardanidae
314 1396 424 1452 infensi
437 1412 551 1470 poenas
566 1414 634 1452 oum
650 1397 795 1471 sanguine
818 1395 996 1472 poscunt?''

104 1476 171 1548 Quo
186 1476 302 1551 gemitu
317 1476 454 1533 conversi
470 1475 571 1545 animi,
588 1493 777 1550 compressus
791 1484 822 1533 et
837 1477 934 1534 omnis

103 1555 248 1631 Impetus.
293 1555 460 1612 Hortamur
473 1555 538 1624 fari,
556 1572 615 1629 quo
631 1556 778 1629 sanguine
792 1561 900 1627 cretus,

104 1635 223 1708 Quidve
239 1636 332 1710 ferat3
354 1640 509 1704 memoret,
526 1652 603 1709 quae
619 1635 659 1692 sit
675 1634 783 1692 fiducia
797 1641 892 1711 capto.
1007 1635 1041 1696 75

104 1713 176 1791 [Ille
192 1715 273 1782 haec,
290 1715 429 1790 deposita
443 1715 568 1771 tandem
582 1714 750 1784 formidine,
767 1715 847 1771 fatur
857 1714 880 1791 :]

104 1798 121 1823 “
130 1795 246 1852 Cuncta
254 1794 392 1868 equidem
404 1793 467 1864 tibi,
480 1811 540 1862 rex,
552 1794 642 1849 fuerit
653 1795 867 1869 quodcumque,
878 1795 995 1852 fatebor

105 1873 214 1944 Vera,'’
228 1873 334 1947 inquit,
352 1877 474 1947 “neque
490 1890 537 1929 me
553 1873 697 1946 Argolica
708 1874 744 1930 de
757 1883 846 1947 gente
858 1875 993 1948 negabo:

105 1952 173 2010 Hoc
184 1953 330 2027 primum3
351 1970 414 2022 nec,
431 1952 457 2008 si
473 1952 616 2008 miserum
633 1951 768 2009 Fortuna
784 1952 925 2010 Sinonem

103 2031 215 2103 Finxit,
232 2049 344 2088 vanum
358 2032 450 2088 etiam
465 2032 699 2105 mendacemque
714 2033 849 2106 improba
864 2032 964 2108 finget.
1004 2032 1040 2088 8⁰

103 2110 207 2169 Fando
223 2111 344 2186 aliquod
360 2112 385 2168 si
399 2111 476 2168 forte
491 2118 561 2168 tuas
575 2112 713 2186 pervenit
727 2112 765 2168 ad
780 2129 866 2169 aures

103 2189 229 2249 Belidae
244 2209 354 2248 nomen
369 2191 542 2248 Palamedis
557 2197 587 2247 et
602 2191 717 2247 incluta
731 2191 812 2248 fama

103 2269 214 2342 Gloria,
231 2288 319 2346 quem
334 2271 411 2327 falsa
426 2271 481 2326 sub
495 2271 663 2344 proditione
680 2271 802 2344 Pelasgi

102 2350 259 2409 Insontem
274 2351 399 2407 infando
414 2350 533 2420 indicio,
549 2351 620 2424 quia
635 2350 713 2406 bella
727 2351 859 2421 vetabat,

103 2430 257 2488 Demisere
272 2431 346 2500 neci,
363 2447 442 2486 nunc
456 2447 575 2486 cassum
590 2429 703 2486 lumine
718 2430 839 2504 lugent:
861 2455 865 2461 ·
1004 2427 1040 2484 85

101 2510 152 2569 Illi
166 2529 213 2567 me
229 2511 369 2568 comitem
384 2516 415 2566 et
430 2509 691 2582 consanguinitate
705 2511 905 2584 propinquum

104 2590 222 2665 Pauper
235 2591 264 2646 in
281 2608 364 2646 arma
376 2594 463 2665 pater
476 2590 581 2664 primis
596 2588 654 2645 huc
668 2588 750 2644 misit
765 2589 802 2645 ab
817 2589 910 2646 annis.

103 2670 185 2726 Dum
201 2670 302 2727 stabat
316 2686 410 2743 regno
425 2668 583 2725 incolumis
598 2685 762 2742 regumque
778 2669 901 2742 vigebat

104 2749 253 2818 Consiliis,
269 2756 300 2805 et
314 2766 370 2805 nos
387 2747 509 2821 aliquod
525 2765 693 2821 nomenque
709 2748 858 2821 decusque

104 2829 268 2887 (lessimus.
311 2827 434 2884 Invidia
447 2833 608 2900 postquam
622 2826 745 2901 pellacis
760 2826 844 2883 Ulixi
1004 2823 1039 2878 90

103 2908 212 2982 (Haud
227 2909 333 2982 ignota
346 2907 465 2981 loquor)
483 2907 598 2980 superis
614 2907 762 2963 concessit
777 2907 814 2962 ab
829 2907 896 2972 oris,

102 2988 241 3044 Afflictus
256 2988 349 3043 vitam
366 2985 542 3042 intenebris
557 2985 697 3059 luctuque
712 2985 877 3055 trahebam,

103 3066 143 3123 Et
158 3084 261 3124 casum
275 3065 404 3122 insontis
419 3082 535 3121 mecum
553 3065 733 3138 indignabar
747 3065 844 3122 amici.

103 3144 166 3204 Neo
180 3145 262 3203 tacui
276 3146 408 3213 demens
423 3150 455 3199 et
469 3161 525 3212 me,
542 3143 602 3199 fors
617 3143 642 3199 si
656 3161 717 3219 qua
731 3144 860 3214 tulisset,

103 3225 135 3283 Si
150 3225 264 3301 patrios
279 3240 422 3298 umquam
438 3239 619 3279 remeassem
635 3223 731 3280 victor
746 3223 784 3280 ad
800 3225 911 3297 Argos,
1003 3216 1039 3275 95

62 3310 65 3316 '
100 3304 233 3362 Promisi
247 3303 383 3372 ultorem,
400 3309 431 3359 et
446 3301 546 3358 verbis
562 3302 632 3358 odia
647 3319 753 3378 aspera
767 3304 856 3360 movi.

83 3383 175 3439 Hice
186 3383 268 3440 milri
279 3383 388 3458 prima.
398 3381 472 3440 mali
485 3381 589 3454 labes,
609 3381 681 3439 liino
695 3398 813 3456 semper
824 3382 931 3438 Ulixes
