2204 3676
108 198 151 265 98
389 213 548 263 ruamur
573 212 712 261 cauare
737 211 771 264 r.

110 366 310 440 Intentusque
324 381 399 440 puer
412 363 555 422 frondosa
568 364 672 439 regius
686 364 745 422 Ida

111 445 240 502 Vcloccs
251 445 352 518 jaculo
367 461 472 501 cervos
486 461 634 519 cursuque
650 444 769 519 fatiget,

112 528 201 593 Acer,
217 524 372 580 anhelanti
387 524 506 593 similis,
522 541 611 598 quem
624 541 750 599 praepes
764 523 803 581 ab
816 523 876 582 Ida

113 603 277 660 Sublimem
292 602 419 678 pedibus
434 603 535 676 rapuit
547 603 569 661 J
571 602 637 660 ovis
652 604 781 677 armiger
794 603 902 677 uncis;
992 603 1048 663 255

113 681 271 756 Longaevi
285 682 403 756 palmas
418 682 620 756 nequidquam
635 682 673 739 ud
688 682 788 739 sidera
800 682 931 741 tendunt

114 760 273 829 Custodes,
289 760 446 834 saevitque
461 778 569 818 cauum
585 761 714 819 latratus
730 762 761 818 in
776 778 875 819 auras.

114 843 158 896 At
172 839 224 915 qui
238 839 345 896 deinde
359 840 458 896 locum
472 840 571 897 tenuit
586 840 698 898 virtute
713 840 889 911 secundum,

114 918 246 976 Levibus
261 919 329 975 huie
344 919 444 976 hamis
458 925 628 977 consertam
643 936 774 995 auroque
788 920 918 977 trilicem

114 998 263 1067 Loricam,
278 1016 369 1072 quam
386 998 531 1056 Demoleo
545 999 720 1056 detraxerat
733 1000 799 1075 ipse
993 1000 1049 1058 28⁰

114 1078 220 1135 Victor
233 1079 313 1153 apud
327 1078 465 1152 rapidum
482 1077 636 1135 Simoenta
651 1079 707 1135 sub
722 1078 780 1136 Ilio
796 1078 869 1150 alto,

115 1157 220 1215 Donat
233 1158 342 1214 habere
358 1159 431 1227 vira,
448 1158 539 1215 decus
553 1164 584 1215 et
597 1164 736 1215 tutamen
751 1158 782 1215 in
797 1159 898 1217 armis.

115 1237 177 1294 Vix
190 1237 272 1294 illam
288 1237 392 1294 famuli
408 1237 550 1311 Phegeus
565 1236 747 1312 Sagarisque
761 1237 900 1295 ferebant

116 1316 324 1392 Multiplicern,
340 1317 458 1373 connixi
473 1317 607 1374 humeris
620 1337 627 1390 ;
647 1317 772 1374 indutus
786 1323 819 1375 at
833 1317 905 1375 olim

117 1395 278 1454 Demoleos
292 1413 381 1453 cursu
394 1397 532 1472 palantes
548 1397 642 1454 Troas
658 1397 774 1471 agebat.
995 1395 1050 1455 266

117 1475 221 1533 Tertia
235 1477 314 1533 dona
328 1475 401 1533 facit
415 1477 553 1550 geminos
568 1494 605 1533 cx
619 1493 687 1533 aere
701 1476 827 1546 lebetae,

27 1609 29 1615 ,
117 1554 304 1631 Cymbiaquc
320 1562 444 1629 argento
460 1555 592 1630 perfecta
607 1564 696 1631 atquc
712 1573 818 1630 aspera
833 1554 941 1629 signis.

116 1636 247 1710 Jamque
262 1635 336 1692 adeo
351 1636 455 1693 donati
470 1653 575 1692 omnes
590 1636 755 1711 opibusque
770 1635 892 1711 superbi

118 1714 259 1774 Puniceis
273 1715 357 1771 ibant
371 1715 483 1772 evincti
497 1720 635 1788 tempora
648 1715 767 1784 taeniis,

118 1795 218 1867 Quum
233 1811 324 1851 saevo
338 1813 354 1851 e
370 1795 492 1870 scopulo
507 1794 603 1852 multa
617 1794 667 1851 vix
682 1802 745 1852 arte
759 1793 909 1863 revulsus,
996 1794 1053 1854 270

118 1874 251 1929 Amissis
265 1873 356 1930 remis
371 1880 461 1949 atque
476 1874 580 1931 ordine
594 1873 702 1930 debilis
716 1890 784 1942 uno,

118 1951 242 2009 Irrlsam
257 1953 321 2009 sine
336 1953 447 2010 honore
462 1959 558 2011 ratem
574 1952 735 2027 Sergestus
751 1951 872 2034 agebat.

119 2032 226 2104 Qualis
241 2049 330 2107 saepe
346 2034 413 2090 viae
428 2033 594 2107 deprensus
609 2034 639 2088 in
655 2050 765 2107 aggere
780 2049 911 2106 serpens,

118 2112 218 2170 Aurea
232 2130 320 2186 quem
335 2113 490 2187 obliquum
504 2119 571 2169 rota
584 2114 715 2183 transiit,
731 2118 785 2168 aut
799 2112 903 2184 gravis
916 2111 981 2168 ictu

119 2189 303 2249 Semiueeem
317 2192 404 2266 liquit
419 2209 492 2249 saxo
508 2192 697 2266 lacerumque
712 2192 820 2260 viator,
997 2190 1053 2250 275

118 2269 332 2346 Nequidquam
346 2271 454 2345 longos
469 2272 589 2346 fugiens
603 2271 656 2329 dat
670 2288 792 2346 corpere
807 2275 915 2340 tortus

120 2349 211 2408 Parte
227 2351 315 2418 ferox,
332 2351 498 2425 ardensque
513 2351 616 2421 oculis,
633 2357 664 2408 et
678 2351 766 2408 sibila
779 2349 856 2407 colla

120 2430 243 2487 Arduus
259 2430 408 2500 attollens,
424 2447 495 2505 pars
510 2431 633 2488 vnlnere
647 2430 755 2488 clauda
768 2434 900 2486 retentat

119 2509 285 2567 Nixautem
299 2511 386 2567 nudis
401 2528 492 2586 sequa
507 2511 537 2568 in
553 2527 608 2567 sua
622 2511 756 2567 membra
770 2509 952 2584 plicantem:

120 2589 187 2647 Tali
201 2590 326 2664 remigio
341 2591 429 2647 navis
445 2608 477 2647 sc
491 2591 580 2648 tarda
594 2590 753 2661 movebat3
998 2588 1056 2646 280

120 2669 198 2727 Vela
213 2670 408 2740 innittentem
424 2676 454 2727 ct
467 2670 565 2745 plenis
580 2670 662 2726 subit
676 2670 754 2727 ostia
769 2667 853 2725 velis.

122 2749 296 2824 Sergestum
313 2750 433 2807 Aeneas
447 2751 595 2825 promisso
610 2767 731 2806 munere
746 2748 846 2816 donat,

121 2830 279 2888 Servatam
294 2829 331 2886 ob
347 2847 453 2885 navem
468 2829 566 2885 laetus
581 2828 737 2902 sociosque
753 2828 900 2884 reductos

120 2910 181 2968 Olli
196 2927 283 2966 serva
297 2910 392 2975 datur,
409 2926 531 2983 operum
547 2908 627 2965 baud
643 2909 751 2981 ignaru
766 2906 933 2971 Minervae,

121 2989 232 3049 Cressa
247 3006 350 3064 genuS,
368 2988 488 3059 Pholoe,
505 2987 675 3062 geminique
691 2987 746 3044 sub
762 2987 850 3044 ubere
865 2983 939 3042 nati.
997 2983 1054 3042 285

161 3147 229 3205 Hoc
242 3149 311 3223 pius
327 3147 447 3204 Aeneas
462 3146 554 3203 misso
569 3146 732 3203 certamine
746 3144 844 3202 tendit

122 3226 316 3287 Gramineum
332 3227 363 3282 in
378 3243 526 3299 campum,
542 3243 629 3299 quem
645 3225 773 3282 collibus
787 3223 918 3297 undique
934 3220 1037 3279 curvis

122 3306 295 3380 (lingebant
309 3305 411 3374 silvae,
426 3304 584 3378 mediaque
601 3305 630 3360 in
645 3304 723 3360 valle
738 3303 849 3361 theatri

110 3385 222 3445 wreus
235 3390 318 3459 erat;
339 3402 401 3462 quo
417 3401 450 3443 se
465 3383 571 3444 multis
586 3401 656 3442 cum
667 3383 792 3441 milibus
803 3383 892 3441 beros
