2204 3676
349 230 509 281 vnaorm
532 231 671 278 xnums
695 230 745 281 rr.
977 215 1017 283 77

79 378 251 438 Mobilitate
265 377 357 453 viget,
373 381 512 455 viresque
528 380 656 456 acquirit
670 381 769 438 eundo
782 401 789 454 ;
961 383 1016 443 175
1033 402 1041 421 ⁶

79 459 179 516 Parva
193 465 276 515 metu
291 459 404 534 prim0;
425 477 496 516 mox
510 477 575 516 sese
591 460 701 517 attollit
716 461 746 516 in
762 479 860 530 aurae,

78 537 310 612 Ingrediturque
326 537 398 607 solo,
414 543 446 594 et
460 544 550 612 caput
564 539 643 595 inter
657 539 760 596 nubila
774 541 884 598 condit.

78 616 166 673 Illam
180 617 273 673 Terra
285 633 404 691 parens,
419 617 465 674 ira
478 618 598 674 irritata
613 618 745 687 deorum,

77 695 260 764 Extremam,
275 701 311 752 ut
324 695 490 769 perhibent,
508 695 589 754 Coeo
605 697 815 772 Enceladoque
831 715 967 756 sororem

78 774 252 848 Progenuit,
266 775 394 849 pedibus
409 775 535 832 celerem
549 782 580 832 et
594 776 765 851 pernicibus
780 777 844 846 alis,
959 780 1015 837 180

77 853 249 911 Monstrum
270 853 462 924 horrendum,
485 854 601 929 ingene,
623 855 680 926 cui,
703 861 778 930 quot
798 862 871 913 sunt
890 874 1015 932 corpore

194 933 322 1007 plumae,

77 1011 139 1069 Tot·
150 1012 260 1086 vigiles
275 1012 352 1068 oculi
368 1012 472 1069 subter
488 1013 640 1088 (mirabile
655 1013 761 1087 dictu),

77 1091 136 1149 Tot
150 1091 280 1166 linguae,
296 1091 424 1148 totidem
441 1109 493 1148 ora
507 1099 624 1162 sonant,
641 1099 689 1150 tot
703 1094 833 1168 subrigit
849 1112 944 1154 aures.

76 1169 173 1227 Nocte
188 1171 271 1228 volat
286 1170 360 1227 caeli
374 1171 472 1228 medio
487 1176 652 1247 terraeque,
668 1190 721 1247 per
735 1174 873 1231 umbram

77 1249 223 1321 Stridens,
239 1267 294 1306 nec
308 1249 386 1306 dulci
402 1250 534 1307 declinat
548 1251 662 1308 lumina
676 1268 800 1325 somn0;
957 1254 1013 1312 185

77 1327 157 1386 Luce
173 1330 257 1387 sedet
272 1335 374 1386 custos
388 1334 441 1386 aut
457 1330 566 1386 summi
582 1331 710 1387 culmine
725 1331 805 1401 tecti,

76 1407 221 1465 Turribus
236 1414 289 1465 aut
304 1408 383 1479 altis,
398 1414 430 1465 ct
444 1427 572 1482 magnas
586 1411 705 1467 territat
720 1412 818 1481 urbes,

77 1486 151 1543 Tam
166 1488 225 1545 ficti
240 1489 386 1562 pravique
401 1493 499 1558 tenax,
516 1507 606 1562 quam
622 1489 728 1546 nuntia
742 1491 813 1548 veri.

78 1566 161 1624 Haec
175 1573 239 1624 tum
253 1567 411 1642 multiplici
426 1569 552 1642 populos
568 1587 703 1626 sermone
718 1570 854 1644 replebat

78 1645 228 1717 (leudone,
244 1652 275 1703 et
289 1647 402 1720 pariter
415 1646 496 1704 facta
511 1653 600 1723 atquc
616 1649 727 1705 infecta
742 1649 889 1708 canebat:
957 1650 1012 1709 190

77 1724 205 1792 [adisse
219 1725 354 1795 Aenean,
371 1725 499 1799 Trojano
514 1728 661 1801 sangnine
677 1735 800 1799 cretum,
992 1746 995 1753 ¹

78 1804 134 1862 Oui
149 1804 321 1879 sepulchra
334 1805 399 1862 viro
414 1806 555 1880 dignetur
570 1809 696 1882 jungere
712 1808 792 1865 Dido
805 1829 813 1881 3

76 1882 163 1941 Nunc
178 1883 307 1940 hiemem
322 1883 399 1942 inter
414 1902 445 1942 se
460 1887 541 1954 luxu,
558 1905 648 1960 quam
662 1887 762 1960 longa,
781 1888 891 1958 fovere,

77 1962 252 2037 Regnorum
267 1963 457 2021 immemores
472 1965 610 2040 turpique
625 1965 764 2040 cupidine
780 1974 892 2041 captos

76 2041 161 2099 Haec
174 2043 289 2117 passim
304 2043 360 2099 dea
374 2044 461 2099 foeda
475 2044 572 2100 virdm
587 2045 727 2101 diffundit
741 2046 772 2101 in
787 2063 847 2104 ora.
956 2049 1011 2107 195

75 2121 219 2199 Qtings
234 2121 270 2178 ad
285 2140 386 2196 regem
400 2141 507 2180 cursus
521 2124 680 2198 detorquet
694 2124 811 2195 Iarban,
934 2146 945 2189 ε

75 2201 273 2276 Incenditque
289 2201 423 2258 animum
438 2203 528 2260 dictis
543 2209 633 2277 atque
649 2210 774 2278 aggerat
788 2205 857 2264 iras·

113 2361 175 2418 Hic
190 2360 362 2418 Hammone
377 2367 471 2432 satus,
487 2366 575 2436 rapta
590 2360 804 2420 Garamantide
818 2362 973 2441 Nympha,

73 2438 200 2516 Templa
214 2440 235 2497 J
238 2439 288 2496 ovi
303 2445 423 2497 centnm
437 2441 508 2498 latis
522 2441 666 2498 immania
680 2443 790 2516 regnis

74 2519 205 2579 Centum
219 2536 285 2575 aras
300 2519 409 2592 posuit,
425 2521 607 2594 vigilemque
623 2529 793 2579 sacraverat
805 2521 917 2595 ignem,
955 2525 1011 2581 200

73 2597 225 2656 Excubiae
239 2598 343 2654 divirm
359 2604 504 2668 aeternas,
521 2601 728 2674 pecudumque
744 2618 847 2658 cruore

74 2676 191 2753 Pingue
207 2678 305 2734 solum
319 2683 349 2734 et
363 2678 455 2734 variis
470 2678 607 2735 florentia
621 2680 725 2735 limina
739 2681 834 2737 sertis

73 2754 173 2832 Isque,
190 2774 293 2815 amens
308 2757 398 2813 animi
414 2764 445 2814 ct
459 2776 576 2814 rumore
592 2776 734 2815 accensus
750 2777 860 2830 amaro,

72 2836 191 2894 Dicitur
205 2841 274 2893 aute
290 2853 365 2905 arae,
380 2838 480 2893 media
493 2837 573 2893 inter
587 2839 712 2895 numina
726 2838 838 2908 divirm,

72 2914 174 2972 Multa
186 2915 207 2973 J
210 2933 298 2973 ovem
312 2916 452 2972 manibus
467 2916 594 2991 supplex
608 2935 709 2974 orasse
725 2918 858 2992 supinis:
954 2920 1010 2975 205

73 2995 222 3069 “Jupiter
237 2994 437 3069 omnipotens
454 2995 501 3051 cui
516 3012 595 3051 nunc
610 2996 767 3052 Maurusia
780 2997 871 3071 pictis
886 3019 889 3022 ·

67 3074 161 3145 Gens·
169 3075 292 3150 epulata
306 3073 380 3129 toris
396 3073 550 3130 Lenaeum
564 3074 638 3130 libat
653 3075 806 3146 honorem,

71 3154 195 3230 Aspicis
210 3150 306 3210 haec?
329 3170 366 3208 an
380 3157 419 3222 te,
436 3153 564 3227 genitor,
582 3171 674 3226 quum
690 3154 961 3228 fulmina-torques

72 3231 285 3309 Nequidquam
301 3231 465 3301 horremus,
482 3231 621 3306 caecique
636 3232 667 3287 in
682 3233 814 3288 nubibus
828 3233 917 3307 ignes

72 3310 248 3369 reniteant
262 3310 379 3367 animos
394 3314 424 3366 et
439 3310 541 3366 inania
554 3326 709 3366 murmura
722 3309 871 3370 miscent?
953 3311 1011 3369 210

71 3387 204 3459 Femina,
221 3404 297 3463 quae
308 3387 424 3447 nostris
438 3405 544 3449 errans
558 3387 591 3450 in
605 3386 720 3451 linibus
732 3389 847 3454 urbem
