2204 3676
353 201 512 252 vassum
537 201 674 250 anmals
698 201 739 248 11.

118 353 195 410 Tum
213 371 285 411 vero
300 371 388 411 omne
402 352 478 410 mihi
493 352 594 410 visum
610 352 765 410 considere
780 351 811 407 in
827 353 913 425 ignes

74 433 177 502 Ilium,
194 438 225 490 et
239 451 277 490 ex
291 434 352 490 imo
366 434 445 490 verti
460 433 614 508 Neptunia
630 432 740 505 Trqia3
963 433 1018 490 605

75 513 125 569 Ae
141 512 234 569 veluti
249 514 376 570 summis
390 513 551 587 antiquam,
561 513 592 568 iu
607 513 761 568 montibus
776 528 882 567 ornum

78 591 179 663 Quum
195 591 273 647 ferre
288 592 415 648 accisam
432 592 600 665 crebrisque
616 591 798 665 bipennibus
813 591 930 647 instant

74 668 191 727 Eruere
208 671 357 744 agricolae
372 672 529 742 certatim;
550 671 603 726 illa
618 688 713 744 usque
729 670 862 726 minatur

76 747 120 806 Et
134 751 311 807 tremefacta
325 767 440 806 comam
457 767 602 807 concusso
615 751 727 806 vertice
743 754 839 818 nutat,

78 827 264 885 Vulneribus
279 829 373 886 donee
386 829 533 904 paulatim
549 829 649 885 evicta
664 845 837 903 supremum
963 831 1019 886 630

80 907 264 982 congemuit
279 909 428 983 traxitque
438 909 521 982 jugis
536 909 645 964 avulsa
658 909 784 964 ruinam.

78 986 244 1055 Descende,
261 989 436 1045 seducente
452 988 506 1044 deo
522 987 674 1044 flauunam
690 989 767 1043 inter
781 991 812 1043 et
827 986 931 1044 hostes

77 1065 248 1142 Expedior:
270 1068 344 1124 dant
358 1068 419 1124 tela
434 1068 540 1137 laeum,
557 1066 755 1141 flammaeque
770 1067 921 1124 recedunt.

120 1226 223 1302 Atque
235 1227 286 1284 ubi
297 1229 361 1301 jam
372 1228 488 1302 patriae
499 1231 676 1300 perventum
694 1227 731 1283 ad
747 1227 852 1283 limina
867 1227 947 1283 sedis

79 1305 290 1381 Antiquusque
305 1308 419 1377 doinus,
436 1309 563 1380 genitor,
580 1325 669 1381 quem
684 1307 788 1363 tollere
805 1307 836 1361 iu
852 1306 929 1362 altos
964 1308 1020 1362 (335

80 1384 232 1461 Optabam
245 1387 375 1461 primum
389 1395 507 1443 mentes
522 1387 712 1460 primumque
727 1386 877 1459 petebam,

79 1465 224 1540 Abnegat
239 1467 339 1522 excisa
353 1467 450 1522 vitam
465 1466 628 1539 producere
644 1465 734 1537 Truja

79 1543 286 1620 Exsiliumque
300 1546 371 1620 pati.
416 1545 507 1602 “Vos
522 1563 548 1613 0,
564 1545 675 1618 quibus
690 1545 808 1618 integer
824 1543 891 1600 aevi

81 1623 243 1699 Sanguis,’'
258 1625 308 1693 ait,
325 1625 523 1700 “solidaeque
539 1642 593 1681 sue
609 1630 692 1681 stant
707 1626 812 1681 rubere
830 1624 917 1693 vireS,

78 1703 146 1760 Vos
161 1704 274 1777 agitate
290 1705 411 1778 fugam3
966 1705 1021 1759 640

79 1782 132 1840 Me
148 1784 173 1840 si
188 1784 345 1840 caelicolae
360 1784 528 1840 voluisseut
542 1783 649 1840 ducere
665 1784 768 1852 vitam,

80 1861 149 1919 Has
163 1863 237 1919 mibi
252 1870 424 1920 servassent
439 1865 533 1920 sedes.
581 1864 663 1920 Satis
679 1882 739 1919 una
754 1880 900 1937 superque

76 1939 222 1999 'Vidimus
236 1943 352 2000 excidia
366 1949 396 1999 et
410 1950 516 2017 captae
532 1943 742 2017 superavimus
757 1943 830 1999 urbi.

81 2019 132 2078 Sic
147 2039 172 2090 0,
189 2023 231 2078 sie
267 2024 377 2079 esitum
394 2023 473 2079 affati
490 2024 634 2080 discedite
650 2040 841 2093 cerrusfw
1079 2065 1080 2068 ,

72 2041 913 2175 hmtsaridrffimemfflnffimmendfflurhestis
966 2100 1021 2157 645

80 2179 275 2255 Exuviasque
289 2187 380 2255 petet.
425 2182 535 2239 Facilis
545 2184 664 2254 jactura
679 2181 837 2256 sepulchri.

80 2258 101 2315 J
104 2277 152 2315 am
167 2260 281 2334 pridem
296 2261 412 2318 invisus
427 2261 506 2317 divis
521 2267 552 2317 et
567 2261 683 2317 inutilis
698 2278 793 2316 annos

79 2335 236 2410 Demerur,
249 2358 286 2397 ex
301 2359 360 2415 quo
375 2358 421 2397 me
438 2340 541 2396 diviuu
553 2346 638 2414 pater
650 2345 740 2413 atque
753 2339 906 2396 huminum
917 2356 970 2394 rex

82 2417 232 2477 Fulminis
247 2420 359 2476 afflavit
370 2420 470 2476 ventis
485 2425 516 2476 et
531 2421 658 2493 contigit
673 2419 765 2493 igni.’'

123 2578 209 2636 Talia
223 2580 378 2654 perstabat
391 2597 570 2647 memorans,
586 2579 721 2657 fixusque
736 2579 897 2650 manebat;
966 2579 1022 2634 050

81 2657 148 2715 Nos
162 2669 266 2716 centra
279 2660 365 2716 effusi
380 2659 512 2715 lacrimis
527 2661 715 2732 eorrjuuxque
732 2658 845 2716 Oreiisa

81 2737 293 2812 Ascaniusque
309 2739 465 2812 omnisque
481 2739 596 2807 domus,
613 2756 649 2793 ne
665 2744 779 2794 vertere
795 2754 898 2793 secum

22 2854 26 2865 -
82 2816 200 2874 Cuncta
213 2825 299 2891 pater
313 2819 433 2892 fatoque
449 2819 568 2891 urgenti
584 2818 753 2873 incumbere
770 2817 867 2873 vellet.
1045 2824 1058 2849 ¹*

81 2897 235 2971 Abnegat,
249 2898 424 2971 inceptoque
439 2903 470 2953 et
485 2897 606 2953 sedibus
623 2896 727 2952 haeret
741 2897 770 2952 in
785 2897 888 2967 isdem.

81 2975 201 3034 Rursus
217 2977 248 3032 in
264 2994 347 3032 arma
362 2977 447 3043 feror,
464 2983 649 3050 mortemque
666 2976 851 3031 miserrimus
868 2979 946 3047 epte.
965 2975 1021 3030 655

80 3053 110 3110 N
113 3072 161 3110 em
176 3056 256 3129 qued
271 3056 431 3111 eonsilium
447 3062 499 3111 aut
514 3074 590 3129 quae
605 3058 668 3127 jam
685 3055 805 3110 fortuna
820 3049 967 3109 dabatur?

80 3139 97 3163 ¹⁴
108 3133 198 3191 Mene
213 3134 314 3191 efferre
329 3135 445 3207 pedem,
461 3137 588 3207 genitor,
606 3141 635 3190 te
651 3151 739 3206 pesse
754 3133 857 3188 relicto

82 3212 227 3287 Sperasti,
244 3220 421 3287 tantumque
437 3213 521 3270 nefas
534 3214 633 3288 patrio
648 3212 759 3267 excidit
774 3209 846 3268 ere?

80 3291 113 3350 Si
128 3292 204 3349 nihil
219 3310 256 3350 ex
270 3298 357 3349 tanta
372 3293 488 3367 superis
502 3293 600 3367 placet
614 3291 685 3347 urbe
701 3290 836 3365 relinqui,

80 3371 220 3429 0110111
235 3371 412 3441 0000111010,
427 3372 641 3450 perituraeque
658 3370 771 3432 addere
784 3371 900 3450 'ireque
976 3369 1037 3427 bbb
