2204 3676
95 195 157 258 116
362 213 519 262 vanem
543 213 679 261 aunam
707 214 757 263 v1.

94 359 162 418 Hac
177 363 308 437 Trojaua
321 369 411 421 tenus
425 363 516 421 fuerit
531 363 667 421 Fortuna
682 363 803 424 secuta!

92 440 158 498 Vos
173 461 291 518 quoque
306 445 493 518 Pergameae
510 445 574 517 jam
591 444 637 500 fas
651 449 699 500 est
713 462 833 518 parcere
848 446 944 519 genti,

93 519 191 597 Dique
207 524 340 598 deaeque
356 540 469 591 omnes
485 524 596 598 quibus
612 523 733 580 obstitit
746 524 838 581 Ilium
852 531 884 583 et
898 524 1009 601 ingens

93 601 196 660 Gloria
211 602 391 661 Dardaniae.
435 603 550 678 Tuque,
567 620 584 660 o
599 603 794 660 sanctissima
809 610 904 674 vates,
997 606 1033 666 65

92 680 234 738 Praescia
249 682 376 751 venturi,
392 683 433 739 da
449 681 525 758 (uon
539 682 675 739 indebita
688 699 779 756 posco

92 759 202 834 Regna
217 762 291 818 meis
306 762 392 838 fatis)
410 762 500 819 Latio
515 762 671 819 considere
688 763 820 820 Teucros

92 839 296 915 Errantesque
312 842 384 901 deos
400 842 575 916 agitataque
592 841 717 898 numina
731 842 845 916 Trojae.

92 919 170 976 Tum
187 920 310 977 Phoebo
325 926 356 977 et
371 921 491 978 Triviae
507 921 604 979 solido
619 922 656 978 de
671 938 821 979 marmore
835 924 985 1000 templum

91 999 266 1071 Iustituam,
284 1002 436 1075 festosque
452 1002 517 1058 dies
532 1002 568 1058 de
583 1001 704 1058 nomine
719 1000 845 1060 Phoebi.
996 1005 1032 1065 70

92 1078 134 1136 Te
150 1097 266 1155 quoque
282 1098 393 1154 magna
407 1088 532 1138 manent
544 1080 647 1155 regnis
661 1081 829 1155 penetralia
842 1083 974 1142 nostris:

92 1157 152 1217 Hic
166 1177 223 1234 ego
238 1177 368 1234 namque
384 1166 453 1217 tuas
469 1167 566 1218 sortes
581 1177 748 1235 arcanaque
763 1160 836 1231 fata,

92 1237 183 1296 Dicta
197 1257 282 1296 meae
297 1240 391 1314 genti,
407 1258 527 1314 ponam,
543 1241 697 1315 lectosque
712 1241 845 1308 sacrabo,

92 1319 195 1388 Alma,
212 1319 300 1376 viros.
344 1319 437 1377 Foliis
452 1326 572 1377 tautum
588 1337 625 1376 ne
640 1320 775 1377 carmina
789 1319 911 1392 manda,

92 1397 139 1456 Ne
155 1398 277 1455 turbata
292 1398 394 1455 volent
408 1399 520 1473 rapidis
534 1399 665 1457 ludibria
679 1399 797 1472 ventis3
994 1401 1029 1461 '15

90 1478 164 1555 Ipsa
179 1495 271 1535 canas
285 1479 366 1535 oro.”
408 1479 515 1536 Finem
531 1479 615 1536 dedit
630 1496 680 1536 ore
694 1479 845 1554 loquendi.

131 1637 183 1708 At,
201 1637 315 1695 Phoebi
330 1639 464 1696 nondum
478 1639 606 1714 patiens,
622 1639 764 1696 immanis
779 1640 811 1695 in
826 1643 915 1697 antro

90 1717 263 1776 Bacchatur
276 1725 371 1788 vates,
387 1736 533 1792 magnum
548 1719 575 1777 si
589 1727 709 1794 pectore
723 1719 822 1794 possit

91 1798 269 1854 Excussisse
284 1798 390 1854 deum:
412 1804 499 1855 tanto
515 1799 614 1872 magis
629 1798 679 1854 iile
693 1798 805 1872 fatigat

92 1876 135 1933 Os
149 1877 296 1945 rabidum,
312 1876 375 1933 fera
389 1877 479 1934 corda
493 1879 629 1948 domans,
640 1877 786 1952 fingitque
800 1876 974 1953 premendo.
990 1882 1028 1938 80

91 1955 179 2013 Ostia
195 1959 317 2031 Jamque
332 1957 440 2014 domus
454 1963 581 2032 patuere
592 1957 729 2031 ingentia
743 1965 863 2015 centum

91 2035 203 2109 Sponte
219 2054 281 2106 sua,
298 2037 436 2111 vatisque
451 2037 551 2093 ferunt
565 2054 710 2112 responsa
723 2055 776 2112 per
790 2055 898 2096 auras:

91 2115 144 2172 “O
160 2117 283 2173 tandem
298 2117 418 2189 magnis
432 2117 533 2190 pelagi
548 2117 688 2174 defuncte
702 2117 822 2190 periclis

91 2194 168 2271 (Sed
182 2201 279 2253 terrae
294 2197 435 2269 graviora
449 2200 597 2271 manent),
615 2196 646 2251 in
660 2213 754 2270 regna
768 2196 879 2254 Lavini

90 2273 283 2332 Dardanidae
294 2275 436 2348 venient3
452 2274 555 2349 (mitte
568 2275 645 2333 hanc
655 2276 691 2332 de
703 2282 823 2350 pectore
835 2293 939 2335 curam
947 2281 971 2356 3)
988 2279 1025 2337 85

89 2355 149 2412 Sed
164 2373 224 2412 non
238 2359 269 2412 et
283 2355 402 2412 venisse
419 2355 529 2413 volent.
572 2355 666 2425 Bella,
683 2355 804 2412 horrida
818 2355 905 2427 bella,

89 2434 130 2491 Et
145 2434 292 2508 Thybrim
307 2435 403 2491 multo
419 2432 610 2508 spumantem
626 2434 772 2508 sauguine
787 2452 884 2493 cerno.

88 2512 158 2571 Nou
175 2513 285 2571 Simois
300 2513 357 2571 tibi
372 2531 426 2571 nec
440 2514 587 2571 Xanthus
601 2532 656 2571 nec
671 2514 783 2571 Dorica
798 2521 898 2572 castra

89 2592 248 2650 Defuerint
262 2614 269 2666 3
292 2593 368 2649 alius
384 2593 474 2651 Latio
491 2595 555 2667 jam
569 2601 676 2668 partus
692 2593 836 2664 Achilles,

88 2671 188 2729 Natus
203 2673 313 2746 etipse
329 2673 403 2745 dea3
425 2691 480 2730 nec
495 2673 619 2730 Teucris
635 2674 738 2730 addita
752 2673 773 2730 J
775 2691 835 2731 uno
988 2678 1028 2735 90

88 2751 228 2827 Usquam
243 2752 356 2809 aberit:
379 2769 472 2826 quum
486 2757 520 2810 tu
536 2753 662 2828 supplex
675 2754 707 2810 iu
721 2754 810 2810 rebus
825 2753 932 2828 egenis

89 2832 172 2904 Quas
187 2837 293 2906 gentes
308 2831 420 2888 Itahim
437 2838 490 2888 aut
504 2851 580 2907 quas
594 2850 654 2889 uon
670 2832 803 2892 oraveris
817 2831 924 2892 urbesl

89 2911 190 2969 Causa
204 2911 277 2967 mali
292 2910 370 2968 tanti
385 2912 514 2984 conjunx
525 2911 637 2968 ‘iterum
654 2911 774 2988 hospita
789 2912 923 2983 Teucria,

87 2989 272 3065 Externique
287 2991 396 3047 iterum
411 2990 547 3047 thalami.

87 3068 133 3127 'l'u
149 3089 184 3127 ne
201 3071 272 3127 cede
286 3071 383 3137 malie,
400 3071 452 3127 sed
468 3077 573 3127 contra
587 3071 746 3128 audentior
758 3072 811 3141 ito,
989 3074 1028 3130 95

87 3151 185 3223 Quam
200 3155 253 3206 tua
268 3156 298 3205 te
313 3150 449 3206 Fortuna
463 3151 548 3207 sinet.
593 3151 654 3207 Via
668 3150 765 3225 prima
779 3150 896 3221 salutis,

87 3229 175 3302 Quod
190 3228 313 3286 minime
328 3229 411 3299 reris
428 3228 520 3287 Graia
534 3230 682 3304 pandetur
697 3230 734 3286 ab
749 3231 850 3289 urbe.”

112 3381 244 3446 Talibus
258 3406 299 3447 ex
313 3388 414 3467 adyto
429 3388 520 3449 dictis
537 3387 676 3449 Cumaea
688 3389 809 3464 Sibpha
