<?xml version="1.0" encoding="UTF-8"?>
<!DOCTYPE html PUBLIC "-//W3C//DTD XHTML 1.0 Transitional//EN"
    "http://www.w3.org/TR/xhtml1/DTD/xhtml1-transitional.dtd">
<html xmlns="http://www.w3.org/1999/xhtml" xml:lang="en" lang="en">
 <head>
  <title>
</title>
<meta http-equiv="Content-Type" content="text/html;charset=utf-8" />
  <meta name='ocr-system' content='tesseract 3.04.00' />
  <meta name='ocr-capabilities' content='ocr_page ocr_carea ocr_par ocr_line ocrx_word'/>
</head>
<body>
  <div class='ocr_page' id='page_1' title='image "./sixbooksneidvir00virggoog_0068.png"; bbox 0 0 2204 3676; ppageno 0'>
   <div class='ocr_carea' id='block_1_1' title="bbox 377 182 779 233">
    <p class='ocr_par' dir='ltr' id='par_1_1' title="bbox 377 182 779 233">
     <span class='ocr_line' id='line_1_1' title="bbox 377 182 779 233; baseline 0 0"><span class='ocrx_word' id='word_1_1' title='bbox 377 182 537 233; x_wconf 80' lang='lat' dir='ltr'>VERGILI</span> <span class='ocrx_word' id='word_1_2' title='bbox 560 182 697 231; x_wconf 82' lang='lat' dir='ltr'>AENEIS</span> <span class='ocrx_word' id='word_1_3' title='bbox 721 182 779 233; x_wconf 92' lang='lat'><em>111.</em></span> 
     </span>
    </p>
   </div>
   <div class='ocr_carea' id='block_1_2' title="bbox 108 333 1097 1606">
    <p class='ocr_par' dir='ltr' id='par_1_2' title="bbox 108 333 891 410">
     <span class='ocr_line' id='line_1_2' title="bbox 108 333 891 410; baseline 0.001 -16"><span class='ocrx_word' id='word_1_4' title='bbox 108 335 273 405; x_wconf 81' lang='lat' dir='ltr'><strong>Praedixit,</strong></span> <span class='ocrx_word' id='word_1_5' title='bbox 290 335 377 393; x_wconf 87' lang='lat' dir='ltr'><strong>vobis</strong></span> <span class='ocrx_word' id='word_1_6' title='bbox 392 333 552 392; x_wconf 85' lang='lat' dir='ltr'><strong>Furiarum</strong></span> <span class='ocrx_word' id='word_1_7' title='bbox 566 352 623 410; x_wconf 84' lang='lat' dir='ltr'><strong>ego</strong></span> <span class='ocrx_word' id='word_1_8' title='bbox 638 334 769 392; x_wconf 83' lang='lat' dir='ltr'><strong>maxima</strong></span> <span class='ocrx_word' id='word_1_9' title='bbox 782 336 891 410; x_wconf 82' lang='lat' dir='ltr'><strong>pando</strong></span> 
     </span>
    </p>

    <p class='ocr_par' dir='ltr' id='par_1_3' title="bbox 108 415 784 489">
     <span class='ocr_line' id='line_1_3' title="bbox 108 415 784 489; baseline -0.004 -16"><span class='ocrx_word' id='word_1_10' title='bbox 108 415 232 473; x_wconf 89' lang='lat' dir='ltr'><strong>Italiam</strong></span> <span class='ocrx_word' id='word_1_11' title='bbox 247 432 336 471; x_wconf 93' lang='lat' dir='ltr'><strong>eursu</strong></span> <span class='ocrx_word' id='word_1_12' title='bbox 349 415 471 489; x_wconf 86' lang='lat' dir='ltr'><strong>petitis:</strong></span> <span class='ocrx_word' id='word_1_13' title='bbox 494 415 652 488; x_wconf 88' lang='lat' dir='ltr'><strong>ventisque</strong></span> <span class='ocrx_word' id='word_1_14' title='bbox 667 415 784 471; x_wconf 77' lang='lat' dir='ltr'><strong>vocatis</strong></span> 
     </span>
    </p>

    <p class='ocr_par' dir='ltr' id='par_1_4' title="bbox 108 494 791 568">
     <span class='ocr_line' id='line_1_4' title="bbox 108 494 791 568; baseline -0.004 -15"><span class='ocrx_word' id='word_1_15' title='bbox 108 496 198 553; x_wconf 78' lang='lat' dir='ltr'>Ibitis</span> <span class='ocrx_word' id='word_1_16' title='bbox 213 495 345 562; x_wconf 87' lang='lat' dir='ltr'><strong>Italiam,</strong></span> <span class='ocrx_word' id='word_1_17' title='bbox 361 500 526 568; x_wconf 86' lang='lat' dir='ltr'><strong>portusque</strong></span> <span class='ocrx_word' id='word_1_18' title='bbox 541 494 653 550; x_wconf 87' lang='lat' dir='ltr'><strong>intrare</strong></span> <span class='ocrx_word' id='word_1_19' title='bbox 669 494 791 568; x_wconf 88' lang='lat' dir='ltr'><strong>licebit;</strong></span> 
     </span>
    </p>

    <p class='ocr_par' dir='ltr' id='par_1_5' title="bbox 111 574 1051 806">
     <span class='ocr_line' id='line_1_5' title="bbox 111 574 1051 647; baseline 0.001 -15"><span class='ocrx_word' id='word_1_20' title='bbox 111 575 171 632; x_wconf 84' lang='lat' dir='ltr'><strong>Sed</strong></span> <span class='ocrx_word' id='word_1_21' title='bbox 186 591 247 630; x_wconf 92' lang='lat' dir='ltr'><strong>non</strong></span> <span class='ocrx_word' id='word_1_22' title='bbox 261 580 330 629; x_wconf 87' lang='lat' dir='ltr'><strong>ante</strong></span> <span class='ocrx_word' id='word_1_23' title='bbox 345 574 449 629; x_wconf 84' lang='lat' dir='ltr'><strong>datam</strong></span> <span class='ocrx_word' id='word_1_24' title='bbox 463 574 592 647; x_wconf 78' lang='lat' dir='ltr'><strong>cingetis</strong></span> <span class='ocrx_word' id='word_1_25' title='bbox 607 575 764 630; x_wconf 91' lang='lat' dir='ltr'><strong>moenibus</strong></span> <span class='ocrx_word' id='word_1_26' title='bbox 780 575 894 645; x_wconf 88' lang='lat' dir='ltr'><strong>urbem,</strong></span> <span class='ocrx_word' id='word_1_27' title='bbox 995 578 1051 633; x_wconf 79' lang='lat'><strong>255</strong></span> 
     </span>
     <span class='ocr_line' id='line_1_6' title="bbox 112 653 908 727; baseline 0 -17"><span class='ocrx_word' id='word_1_28' title='bbox 112 655 211 727; x_wconf 81' lang='lat' dir='ltr'><strong>Quam</strong></span> <span class='ocrx_word' id='word_1_29' title='bbox 227 670 283 710; x_wconf 83' lang='lat' dir='ltr'><strong>vos</strong></span> <span class='ocrx_word' id='word_1_30' title='bbox 298 653 363 709; x_wconf 89' lang='lat' dir='ltr'><strong>dira</strong></span> <span class='ocrx_word' id='word_1_31' title='bbox 378 653 472 710; x_wconf 86' lang='lat' dir='ltr'><strong>sames</strong></span> <span class='ocrx_word' id='word_1_32' title='bbox 487 661 667 727; x_wconf 80' lang='lat' dir='ltr'>nostraeque</span> <span class='ocrx_word' id='word_1_33' title='bbox 682 654 792 727; x_wconf 85' lang='lat' dir='ltr'><strong>injuria</strong></span> <span class='ocrx_word' id='word_1_34' title='bbox 806 656 908 712; x_wconf 88' lang='lat' dir='ltr'><strong>caedis</strong></span> 
     </span>
     <span class='ocr_line' id='line_1_7' title="bbox 111 732 845 806; baseline 0 -15"><span class='ocrx_word' id='word_1_35' title='bbox 111 735 264 791; x_wconf 84' lang='lat' dir='ltr'><strong>Ambesas</strong></span> <span class='ocrx_word' id='word_1_36' title='bbox 279 732 404 806; x_wconf 88' lang='lat' dir='ltr'><strong>subigat</strong></span> <span class='ocrx_word' id='word_1_37' title='bbox 417 733 505 789; x_wconf 87' lang='lat' dir='ltr'><strong>malis</strong></span> <span class='ocrx_word' id='word_1_38' title='bbox 522 734 679 790; x_wconf 81' lang='lat' dir='ltr'><strong>absumere</strong></span> <span class='ocrx_word' id='word_1_39' title='bbox 694 735 845 792; x_wconf 82' lang='lat' dir='ltr'><strong>nrensas.&#39;&#39;</strong></span> 
     </span>
    </p>

    <p class='ocr_par' dir='ltr' id='par_1_6' title="bbox 112 812 797 887">
     <span class='ocr_line' id='line_1_8' title="bbox 112 812 797 887; baseline 0 -17"><span class='ocrx_word' id='word_1_40' title='bbox 112 813 207 883; x_wconf 80' lang='lat' dir='ltr'>Dixit,</span> <span class='ocrx_word' id='word_1_41' title='bbox 224 817 255 868; x_wconf 91' lang='lat' dir='ltr'><strong>et</strong></span> <span class='ocrx_word' id='word_1_42' title='bbox 269 813 300 869; x_wconf 89' lang='lat' dir='ltr'><strong>in</strong></span> <span class='ocrx_word' id='word_1_43' title='bbox 315 812 424 869; x_wconf 84' lang='lat' dir='ltr'><strong>silvam</strong></span> <span class='ocrx_word' id='word_1_44' title='bbox 438 813 546 887; x_wconf 91' lang='lat' dir='ltr'><strong>pennis</strong></span> <span class='ocrx_word' id='word_1_45' title='bbox 562 813 665 869; x_wconf 87' lang='lat' dir='ltr'><strong>ablata</strong></span> <span class='ocrx_word' id='word_1_46' title='bbox 679 813 797 887; x_wconf 78' lang='lat' dir='ltr'><strong>refugit.</strong></span> 
     </span>
    </p>

    <p class='ocr_par' dir='ltr' id='par_1_7' title="bbox 112 891 825 967">
     <span class='ocr_line' id='line_1_9' title="bbox 112 891 825 967; baseline 0 -16"><span class='ocrx_word' id='word_1_47' title='bbox 112 893 157 951; x_wconf 84' lang='lat' dir='ltr'><strong>At</strong></span> <span class='ocrx_word' id='word_1_48' title='bbox 171 892 263 950; x_wconf 87' lang='lat' dir='ltr'><strong>sociis</strong></span> <span class='ocrx_word' id='word_1_49' title='bbox 278 891 379 949; x_wconf 90' lang='lat' dir='ltr'><strong>subita</strong></span> <span class='ocrx_word' id='word_1_50' title='bbox 394 893 513 966; x_wconf 89' lang='lat' dir='ltr'><strong>gelidus</strong></span> <span class='ocrx_word' id='word_1_51' title='bbox 527 893 684 950; x_wconf 80' lang='lat' dir='ltr'><strong>formidine</strong></span> <span class='ocrx_word' id='word_1_52' title='bbox 700 895 825 967; x_wconf 88' lang='lat' dir='ltr'><strong>sanguis</strong></span> 
     </span>
    </p>

    <p class='ocr_par' dir='ltr' id='par_1_8' title="bbox 113 964 1097 1127">
     <span class='ocr_line' id='line_1_10' title="bbox 113 964 1097 1047; baseline 0.001 -17"><span class='ocrx_word' id='word_1_53' title='bbox 113 973 273 1046; x_wconf 89' lang='lat' dir='ltr'><strong>Deriguit:</strong></span> <span class='ocrx_word' id='word_1_54' title='bbox 288 972 428 1033; x_wconf 79' lang='lat' dir='ltr'><strong>,cecidere</strong></span> <span class='ocrx_word' id='word_1_55' title='bbox 444 972 537 1041; x_wconf 81' lang='lat' dir='ltr'><strong>animi</strong></span> <span class='ocrx_word' id='word_1_56' title='bbox 546 992 553 1045; x_wconf 91' lang='lat'>;</span> <span class='ocrx_word' id='word_1_57' title='bbox 575 990 629 1029; x_wconf 89' lang='lat' dir='ltr'><strong>nec</strong></span> <span class='ocrx_word' id='word_1_58' title='bbox 640 975 703 1046; x_wconf 88' lang='lat' dir='ltr'><strong>jam</strong></span> <span class='ocrx_word' id='word_1_59' title='bbox 720 974 851 1047; x_wconf 89' lang='lat' dir='ltr'><strong>amplius</strong></span> <span class='ocrx_word' id='word_1_60' title='bbox 867 975 968 1044; x_wconf 80' lang='lat' dir='ltr'><strong>armiS,</strong></span> <span class='ocrx_word' id='word_1_61' title='bbox 997 974 1053 1031; x_wconf 76' lang='lat'><strong>260</strong></span> <span class='ocrx_word' id='word_1_62' title='bbox 1069 964 1087 998; x_wconf 40' lang='grc' dir='ltr'><strong>λ’</strong></span> <span class='ocrx_word' id='word_1_63' title='bbox 1094 978 1097 983; x_wconf 82' lang='grc'><strong>’</strong></span> 
     </span>
     <span class='ocr_line' id='line_1_11' title="bbox 114 1051 904 1127; baseline -0.001 -17"><span class='ocrx_word' id='word_1_64' title='bbox 114 1052 173 1110; x_wconf 85' lang='lat' dir='ltr'><strong>Sed</strong></span> <span class='ocrx_word' id='word_1_65' title='bbox 189 1051 269 1108; x_wconf 91' lang='lat' dir='ltr'><strong>votis</strong></span> <span class='ocrx_word' id='word_1_66' title='bbox 282 1053 481 1126; x_wconf 82' lang='lat' dir='ltr'><strong>precibusque</strong></span> <span class='ocrx_word' id='word_1_67' title='bbox 491 1053 600 1125; x_wconf 86' lang='lat' dir='ltr'><strong>jubent</strong></span> <span class='ocrx_word' id='word_1_68' title='bbox 613 1071 774 1126; x_wconf 81' lang='lat' dir='ltr'><strong>exposcere</strong></span> <span class='ocrx_word' id='word_1_69' title='bbox 789 1072 904 1127; x_wconf 88' lang='lat' dir='ltr'><strong>pacem,</strong></span> 
     </span>
    </p>

    <p class='ocr_par' dir='ltr' id='par_1_9' title="bbox 115 1132 920 1207">
     <span class='ocr_line' id='line_1_12' title="bbox 115 1132 920 1207; baseline 0 -18"><span class='ocrx_word' id='word_1_70' title='bbox 115 1132 186 1190; x_wconf 85' lang='lat' dir='ltr'><strong>Sive</strong></span> <span class='ocrx_word' id='word_1_71' title='bbox 203 1133 285 1201; x_wconf 58' lang='lat' dir='ltr'><strong>deneg</strong></span> <span class='ocrx_word' id='word_1_72' title='bbox 302 1149 356 1188; x_wconf 90' lang='lat' dir='ltr'><strong>seu</strong></span> <span class='ocrx_word' id='word_1_73' title='bbox 370 1132 432 1188; x_wconf 88' lang='lat' dir='ltr'><strong>sint</strong></span> <span class='ocrx_word' id='word_1_74' title='bbox 446 1132 528 1188; x_wconf 88' lang='lat' dir='ltr'><strong>dirae</strong></span> <span class='ocrx_word' id='word_1_75' title='bbox 544 1133 749 1207; x_wconf 85' lang='lat' dir='ltr'><strong>obscenaeque</strong></span> <span class='ocrx_word' id='word_1_76' title='bbox 766 1134 920 1206; x_wconf 87' lang='lat' dir='ltr'><strong>volucres;</strong></span> 
     </span>
    </p>

    <p class='ocr_par' dir='ltr' id='par_1_10' title="bbox 114 1212 815 1288">
     <span class='ocr_line' id='line_1_13' title="bbox 114 1212 815 1288; baseline -0.003 -18"><span class='ocrx_word' id='word_1_77' title='bbox 114 1212 156 1270; x_wconf 84' lang='lat' dir='ltr'><strong>Et</strong></span> <span class='ocrx_word' id='word_1_78' title='bbox 168 1217 256 1288; x_wconf 87' lang='lat' dir='ltr'><strong>pater</strong></span> <span class='ocrx_word' id='word_1_79' title='bbox 270 1212 423 1268; x_wconf 82' lang='lat' dir='ltr'><strong>Anchises</strong></span> <span class='ocrx_word' id='word_1_80' title='bbox 437 1212 536 1286; x_wconf 85' lang='lat' dir='ltr'><strong>passis</strong></span> <span class='ocrx_word' id='word_1_81' title='bbox 551 1213 588 1268; x_wconf 90' lang='lat' dir='ltr'><strong>do</strong></span> <span class='ocrx_word' id='word_1_82' title='bbox 604 1212 690 1269; x_wconf 88' lang='lat' dir='ltr'><strong>litore</strong></span> <span class='ocrx_word' id='word_1_83' title='bbox 704 1213 815 1287; x_wconf 88' lang='lat' dir='ltr'><strong>palmis</strong></span> 
     </span>
    </p>

    <p class='ocr_par' dir='ltr' id='par_1_11' title="bbox 114 1291 973 1366">
     <span class='ocr_line' id='line_1_14' title="bbox 114 1291 973 1366; baseline 0 -18"><span class='ocrx_word' id='word_1_84' title='bbox 114 1291 249 1349; x_wconf 89' lang='lat' dir='ltr'><strong>Numina</strong></span> <span class='ocrx_word' id='word_1_85' title='bbox 263 1310 375 1366; x_wconf 90' lang='lat' dir='ltr'><strong>magna</strong></span> <span class='ocrx_word' id='word_1_86' title='bbox 391 1297 488 1361; x_wconf 89' lang='lat' dir='ltr'><strong>vocat,</strong></span> <span class='ocrx_word' id='word_1_87' title='bbox 503 1292 688 1365; x_wconf 86' lang='lat' dir='ltr'><strong>meritosque</strong></span> <span class='ocrx_word' id='word_1_88' title='bbox 706 1293 812 1349; x_wconf 91' lang='lat' dir='ltr'><strong>indicit</strong></span> <span class='ocrx_word' id='word_1_89' title='bbox 827 1292 973 1349; x_wconf 90' lang='lat' dir='ltr'><strong>honores:</strong></span> 
     </span>
    </p>

    <p class='ocr_par' dir='ltr' id='par_1_12' title="bbox 114 1371 1053 1526">
     <span class='ocr_line' id='line_1_15' title="bbox 114 1371 1053 1446; baseline -0.001 -16"><span class='ocrx_word' id='word_1_90' title='bbox 114 1377 132 1402; x_wconf 90' lang='grc'>“</span> <span class='ocrx_word' id='word_1_91' title='bbox 143 1372 191 1441; x_wconf 87' lang='lat' dir='ltr'><strong>Di,</strong></span> <span class='ocrx_word' id='word_1_92' title='bbox 206 1371 363 1446; x_wconf 86' lang='lat' dir='ltr'><strong>prohibete</strong></span> <span class='ocrx_word' id='word_1_93' title='bbox 378 1371 497 1445; x_wconf 81' lang='lat' dir='ltr'><strong>minas3</strong></span> <span class='ocrx_word' id='word_1_94' title='bbox 519 1372 557 1440; x_wconf 90' lang='lat' dir='ltr'><strong>di,</strong></span> <span class='ocrx_word' id='word_1_95' title='bbox 574 1371 667 1428; x_wconf 87' lang='lat' dir='ltr'><strong>talem</strong></span> <span class='ocrx_word' id='word_1_96' title='bbox 682 1373 809 1429; x_wconf 86' lang='lat' dir='ltr'><strong>avertite</strong></span> <span class='ocrx_word' id='word_1_97' title='bbox 826 1390 939 1442; x_wconf 75' lang='lat' dir='ltr'><strong>casum,</strong></span> <span class='ocrx_word' id='word_1_98' title='bbox 997 1374 1053 1429; x_wconf 78' lang='lat'><strong>265</strong></span> 
     </span>
     <span class='ocr_line' id='line_1_16' title="bbox 115 1449 865 1526; baseline 0 -18"><span class='ocrx_word' id='word_1_99' title='bbox 115 1451 158 1509; x_wconf 86' lang='lat' dir='ltr'><strong>Et</strong></span> <span class='ocrx_word' id='word_1_100' title='bbox 171 1452 281 1526; x_wconf 90' lang='lat' dir='ltr'><strong>placidi</strong></span> <span class='ocrx_word' id='word_1_101' title='bbox 296 1456 414 1507; x_wconf 85' lang='lat' dir='ltr'><strong>servate</strong></span> <span class='ocrx_word' id='word_1_102' title='bbox 430 1451 496 1526; x_wconf 90' lang='lat' dir='ltr'><strong>pios</strong></span> <span class='ocrx_word' id='word_1_103' title='bbox 507 1449 557 1523; x_wconf 77' lang='lat' dir='ltr'><strong>l&#39;&#39;;</strong></span> <span class='ocrx_word' id='word_1_104' title='bbox 579 1457 648 1508; x_wconf 91' lang='lat' dir='ltr'><strong>tum</strong></span> <span class='ocrx_word' id='word_1_105' title='bbox 662 1452 748 1508; x_wconf 89' lang='lat' dir='ltr'><strong>litore</strong></span> <span class='ocrx_word' id='word_1_106' title='bbox 764 1454 865 1511; x_wconf 88' lang='lat' dir='ltr'><strong>funem</strong></span> 
     </span>
    </p>

    <p class='ocr_par' dir='ltr' id='par_1_13' title="bbox 115 1531 860 1606">
     <span class='ocr_line' id='line_1_17' title="bbox 115 1531 860 1606; baseline 0 -16"><span class='ocrx_word' id='word_1_107' title='bbox 115 1531 268 1606; x_wconf 86' lang='lat' dir='ltr'><strong>Deripere,</strong></span> <span class='ocrx_word' id='word_1_108' title='bbox 282 1549 482 1605; x_wconf 87' lang='lat' dir='ltr'><strong>excussosque</strong></span> <span class='ocrx_word' id='word_1_109' title='bbox 493 1531 580 1606; x_wconf 87' lang='lat' dir='ltr'><strong>jubet</strong></span> <span class='ocrx_word' id='word_1_110' title='bbox 595 1531 696 1589; x_wconf 81' lang='lat' dir='ltr'><strong>laxare</strong></span> <span class='ocrx_word' id='word_1_111' title='bbox 710 1532 860 1590; x_wconf 77' lang='lat' dir='ltr'><strong>rudentes,</strong></span> 
     </span>
    </p>
   </div>
   <div class='ocr_carea' id='block_1_3' title="bbox 114 1690 1081 2482">
    <p class='ocr_par' dir='ltr' id='par_1_14' title="bbox 114 1690 1081 2482">
     <span class='ocr_line' id='line_1_18' title="bbox 157 1690 984 1767; baseline -0.001 -19"><span class='ocrx_word' id='word_1_112' title='bbox 157 1690 300 1748; x_wconf 76' lang='lat' dir='ltr'><strong>Tendunt</strong></span> <span class='ocrx_word' id='word_1_113' title='bbox 314 1692 383 1748; x_wconf 84' lang='lat' dir='ltr'><strong>vela</strong></span> <span class='ocrx_word' id='word_1_114' title='bbox 397 1690 470 1748; x_wconf 88' lang='lat' dir='ltr'><strong>Noti</strong></span> <span class='ocrx_word' id='word_1_115' title='bbox 484 1713 491 1766; x_wconf 82' lang='lat'><em>3</em></span> <span class='ocrx_word' id='word_1_116' title='bbox 512 1691 646 1766; x_wconf 86' lang='lat' dir='ltr'><strong>fugimus</strong></span> <span class='ocrx_word' id='word_1_117' title='bbox 661 1693 870 1767; x_wconf 79' lang='lat' dir='ltr'><strong>spumantibus</strong></span> <span class='ocrx_word' id='word_1_118' title='bbox 885 1691 984 1759; x_wconf 81' lang='lat' dir='ltr'><strong>undis,</strong></span> 
     </span>
     <span class='ocr_line' id='line_1_19' title="bbox 116 1771 912 1846; baseline 0 -19"><span class='ocrx_word' id='word_1_119' title='bbox 116 1771 185 1845; x_wconf 81' lang='lat' dir='ltr'><strong>Qua</strong></span> <span class='ocrx_word' id='word_1_120' title='bbox 198 1788 319 1828; x_wconf 89' lang='lat' dir='ltr'><strong>cursum</strong></span> <span class='ocrx_word' id='word_1_121' title='bbox 334 1777 500 1846; x_wconf 88' lang='lat' dir='ltr'><strong>ventusque</strong></span> <span class='ocrx_word' id='word_1_122' title='bbox 516 1773 758 1845; x_wconf 79' lang='lat' dir='ltr'><strong>gubernatorque</strong></span> <span class='ocrx_word' id='word_1_123' title='bbox 774 1773 912 1829; x_wconf 84' lang='lat' dir='ltr'><strong>vocabat.</strong></span> 
     </span>
     <span class='ocr_line' id='line_1_20' title="bbox 115 1851 1081 1925; baseline 0 -17"><span class='ocrx_word' id='word_1_124' title='bbox 115 1852 135 1909; x_wconf 85' lang='lat' dir='ltr'>J</span> <span class='ocrx_word' id='word_1_125' title='bbox 139 1869 188 1907; x_wconf 90' lang='lat' dir='ltr'><strong>am</strong></span> <span class='ocrx_word' id='word_1_126' title='bbox 201 1851 300 1907; x_wconf 90' lang='lat' dir='ltr'><strong>medio</strong></span> <span class='ocrx_word' id='word_1_127' title='bbox 316 1857 441 1925; x_wconf 87' lang='lat' dir='ltr'><strong>apparet</strong></span> <span class='ocrx_word' id='word_1_128' title='bbox 455 1851 547 1908; x_wconf 87' lang='lat' dir='ltr'><strong>linctu</strong></span> <span class='ocrx_word' id='word_1_129' title='bbox 562 1869 720 1908; x_wconf 89' lang='lat' dir='ltr'><strong>nemorosa</strong></span> <span class='ocrx_word' id='word_1_130' title='bbox 735 1851 918 1925; x_wconf 86' lang='lat' dir='ltr'><strong>Zacynthos,</strong></span> <span class='ocrx_word' id='word_1_131' title='bbox 997 1851 1054 1910; x_wconf 75' lang='lat' dir='ltr'><strong>nlo</strong></span> <span class='ocrx_word' id='word_1_132' title='bbox 1065 1856 1081 1878; x_wconf 81' lang='lat'><strong><em>“</em></strong></span> 
     </span>
     <span class='ocr_line' id='line_1_21' title="bbox 114 1930 926 2005; baseline -0.002 -17"><span class='ocrx_word' id='word_1_133' title='bbox 114 1930 359 2005; x_wconf 72' lang='lat' dir='ltr'><strong>Dulichiumque,</strong></span> <span class='ocrx_word' id='word_1_134' title='bbox 378 1930 534 2004; x_wconf 81' lang='lat' dir='ltr'><strong>Sameque,</strong></span> <span class='ocrx_word' id='word_1_135' title='bbox 550 1937 580 1988; x_wconf 93' lang='lat' dir='ltr'><strong>et</strong></span> <span class='ocrx_word' id='word_1_136' title='bbox 595 1931 719 1987; x_wconf 77' lang='lat' dir='ltr'><strong>Neritos</strong></span> <span class='ocrx_word' id='word_1_137' title='bbox 735 1931 829 1986; x_wconf 86' lang='lat' dir='ltr'><strong>ardua</strong></span> <span class='ocrx_word' id='word_1_138' title='bbox 844 1930 926 1987; x_wconf 86' lang='lat' dir='ltr'><strong>saxis</strong></span> 
     </span>
     <span class='ocr_line' id='line_1_22' title="bbox 115 2009 846 2083; baseline -0.003 -15"><span class='ocrx_word' id='word_1_139' title='bbox 115 2009 291 2083; x_wconf 59' lang='lat' dir='ltr'><strong>Effugimus&gt;</strong></span> <span class='ocrx_word' id='word_1_140' title='bbox 301 2010 441 2083; x_wconf 87' lang='lat' dir='ltr'><strong>scopulos</strong></span> <span class='ocrx_word' id='word_1_141' title='bbox 456 2010 589 2079; x_wconf 79' lang='lat' dir='ltr'><strong>Ithacae,</strong></span> <span class='ocrx_word' id='word_1_142' title='bbox 606 2010 728 2066; x_wconf 70' lang='lat' dir='ltr'><strong>Laertia</strong></span> <span class='ocrx_word' id='word_1_143' title='bbox 744 2028 846 2081; x_wconf 86' lang='lat' dir='ltr'><strong>regna,</strong></span> 
     </span>
     <span class='ocr_line' id='line_1_23' title="bbox 116 2089 841 2148; baseline 0.001 -1"><span class='ocrx_word' id='word_1_144' title='bbox 116 2090 159 2147; x_wconf 80' lang='lat' dir='ltr'><strong>Et</strong></span> <span class='ocrx_word' id='word_1_145' title='bbox 172 2095 283 2146; x_wconf 88' lang='lat' dir='ltr'><strong>terram</strong></span> <span class='ocrx_word' id='word_1_146' title='bbox 298 2089 430 2146; x_wconf 90' lang='lat' dir='ltr'><strong>altricem</strong></span> <span class='ocrx_word' id='word_1_147' title='bbox 447 2090 530 2146; x_wconf 75' lang='lat' dir='ltr'><strong>saevi</strong></span> <span class='ocrx_word' id='word_1_148' title='bbox 544 2107 734 2145; x_wconf 80' lang='lat' dir='ltr'><strong>exsecramur</strong></span> <span class='ocrx_word' id='word_1_149' title='bbox 749 2089 841 2148; x_wconf 80' lang='lat' dir='ltr'><strong>Ulixi.</strong></span> 
     </span>
     <span class='ocr_line' id='line_1_24' title="bbox 116 2169 861 2239; baseline 0 -13"><span class='ocrx_word' id='word_1_150' title='bbox 116 2169 191 2226; x_wconf 85' lang='lat' dir='ltr'><strong>Mox</strong></span> <span class='ocrx_word' id='word_1_151' title='bbox 205 2174 236 2226; x_wconf 89' lang='lat' dir='ltr'><strong>et</strong></span> <span class='ocrx_word' id='word_1_152' title='bbox 250 2169 403 2225; x_wconf 84' lang='lat' dir='ltr'><strong>Leucatae</strong></span> <span class='ocrx_word' id='word_1_153' title='bbox 418 2169 556 2225; x_wconf 84' lang='lat' dir='ltr'><strong>nimbosa</strong></span> <span class='ocrx_word' id='word_1_154' title='bbox 571 2169 727 2226; x_wconf 87' lang='lat' dir='ltr'><strong>eacumina</strong></span> <span class='ocrx_word' id='word_1_155' title='bbox 741 2170 861 2239; x_wconf 71' lang='lat' dir='ltr'><strong>montis</strong></span> 
     </span>
     <span class='ocr_line' id='line_1_25' title="bbox 117 2247 1054 2322; baseline -0.002 -16"><span class='ocrx_word' id='word_1_156' title='bbox 117 2249 159 2307; x_wconf 83' lang='lat' dir='ltr'><strong>Et</strong></span> <span class='ocrx_word' id='word_1_157' title='bbox 173 2248 352 2305; x_wconf 85' lang='lat' dir='ltr'><strong>formidatus</strong></span> <span class='ocrx_word' id='word_1_158' title='bbox 367 2249 467 2304; x_wconf 89' lang='lat' dir='ltr'><strong>nautis</strong></span> <span class='ocrx_word' id='word_1_159' title='bbox 483 2249 615 2321; x_wconf 86' lang='lat' dir='ltr'><strong>aperitur</strong></span> <span class='ocrx_word' id='word_1_160' title='bbox 630 2248 748 2322; x_wconf 82' lang='lat' dir='ltr'><strong>Apollo.</strong></span> <span class='ocrx_word' id='word_1_161' title='bbox 997 2247 1054 2306; x_wconf 70' lang='lat' dir='ltr'><strong>ate</strong></span> 
     </span>
     <span class='ocr_line' id='line_1_26' title="bbox 118 2325 927 2402; baseline -0.002 -17"><span class='ocrx_word' id='word_1_162' title='bbox 118 2328 209 2385; x_wconf 91' lang='lat' dir='ltr'><strong>Hunc</strong></span> <span class='ocrx_word' id='word_1_163' title='bbox 224 2329 356 2402; x_wconf 86' lang='lat' dir='ltr'><strong>petimus</strong></span> <span class='ocrx_word' id='word_1_164' title='bbox 371 2325 451 2396; x_wconf 81' lang='lat' dir='ltr'><strong>fessi,</strong></span> <span class='ocrx_word' id='word_1_165' title='bbox 467 2333 498 2383; x_wconf 90' lang='lat' dir='ltr'><strong>et</strong></span> <span class='ocrx_word' id='word_1_166' title='bbox 511 2345 623 2400; x_wconf 87' lang='lat' dir='ltr'><strong>parvae</strong></span> <span class='ocrx_word' id='word_1_167' title='bbox 640 2328 828 2385; x_wconf 87' lang='lat' dir='ltr'><strong>succedimus</strong></span> <span class='ocrx_word' id='word_1_168' title='bbox 843 2329 927 2400; x_wconf 89' lang='lat' dir='ltr'><strong>urbi;</strong></span> 
     </span>
     <span class='ocr_line' id='line_1_27' title="bbox 117 2407 884 2482; baseline -0.001 -17"><span class='ocrx_word' id='word_1_169' title='bbox 117 2407 261 2465; x_wconf 88' lang='lat' dir='ltr'><strong>Anchora</strong></span> <span class='ocrx_word' id='word_1_170' title='bbox 276 2407 312 2464; x_wconf 89' lang='lat' dir='ltr'><strong>de</strong></span> <span class='ocrx_word' id='word_1_171' title='bbox 327 2424 415 2482; x_wconf 90' lang='lat' dir='ltr'><strong>prora</strong></span> <span class='ocrx_word' id='word_1_172' title='bbox 425 2407 545 2481; x_wconf 84' lang='lat' dir='ltr'><strong>jacitur,</strong></span> <span class='ocrx_word' id='word_1_173' title='bbox 563 2413 646 2464; x_wconf 86' lang='lat' dir='ltr'><strong>stant</strong></span> <span class='ocrx_word' id='word_1_174' title='bbox 659 2407 746 2464; x_wconf 92' lang='lat' dir='ltr'><strong>litore</strong></span> <span class='ocrx_word' id='word_1_175' title='bbox 760 2424 884 2482; x_wconf 85' lang='lat' dir='ltr'><strong>puppes.</strong></span> 
     </span>
    </p>
   </div>
   <div class='ocr_carea' id='block_1_4' title="bbox 118 2565 1055 3438">
    <p class='ocr_par' dir='ltr' id='par_1_15' title="bbox 118 2565 1055 3438">
     <span class='ocr_line' id='line_1_28' title="bbox 157 2565 778 2641; baseline -0.002 -18"><span class='ocrx_word' id='word_1_176' title='bbox 157 2565 240 2641; x_wconf 85' lang='lat' dir='ltr'><strong>Ergo</strong></span> <span class='ocrx_word' id='word_1_177' title='bbox 254 2567 408 2641; x_wconf 88' lang='lat' dir='ltr'><strong>insperata</strong></span> <span class='ocrx_word' id='word_1_178' title='bbox 420 2569 544 2624; x_wconf 86' lang='lat' dir='ltr'><strong>taudem</strong></span> <span class='ocrx_word' id='word_1_179' title='bbox 559 2567 665 2624; x_wconf 91' lang='lat' dir='ltr'><strong>tellure</strong></span> <span class='ocrx_word' id='word_1_180' title='bbox 680 2566 778 2641; x_wconf 81' lang='lat' dir='ltr'><strong>potiti,</strong></span> 
     </span>
     <span class='ocr_line' id='line_1_29' title="bbox 119 2645 902 2721; baseline -0.003 -18"><span class='ocrx_word' id='word_1_181' title='bbox 119 2645 358 2721; x_wconf 86' lang='lat' dir='ltr'><strong>Lustramurque</strong></span> <span class='ocrx_word' id='word_1_182' title='bbox 373 2647 393 2704; x_wconf 85' lang='lat' dir='ltr'>J</span> <span class='ocrx_word' id='word_1_183' title='bbox 397 2648 453 2716; x_wconf 88' lang='lat' dir='ltr'><strong>ovi,</strong></span> <span class='ocrx_word' id='word_1_184' title='bbox 471 2648 608 2721; x_wconf 86' lang='lat' dir='ltr'><strong>votisque</strong></span> <span class='ocrx_word' id='word_1_185' title='bbox 624 2647 810 2702; x_wconf 79' lang='lat' dir='ltr'><strong>incendimus</strong></span> <span class='ocrx_word' id='word_1_186' title='bbox 825 2663 902 2716; x_wconf 89' lang='lat' dir='ltr'><strong>aras,</strong></span> 
     </span>
     <span class='ocr_line' id='line_1_30' title="bbox 118 2725 1055 2800; baseline -0.002 -18"><span class='ocrx_word' id='word_1_187' title='bbox 118 2725 269 2800; x_wconf 81' lang='lat' dir='ltr'><strong>Actiaque</strong></span> <span class='ocrx_word' id='word_1_188' title='bbox 285 2727 387 2782; x_wconf 87' lang='lat' dir='ltr'><strong>Iliacis</strong></span> <span class='ocrx_word' id='word_1_189' title='bbox 402 2727 589 2783; x_wconf 85' lang='lat' dir='ltr'><strong>celebramus</strong></span> <span class='ocrx_word' id='word_1_190' title='bbox 604 2727 692 2782; x_wconf 87' lang='lat' dir='ltr'><strong>litora</strong></span> <span class='ocrx_word' id='word_1_191' title='bbox 708 2726 794 2781; x_wconf 76' lang='lat' dir='ltr'><strong>ludis,</strong></span> <span class='ocrx_word' id='word_1_192' title='bbox 1000 2727 1055 2781; x_wconf 76' lang='lat'><strong>280</strong></span> 
     </span>
     <span class='ocr_line' id='line_1_31' title="bbox 118 2803 795 2881; baseline -0.003 -19"><span class='ocrx_word' id='word_1_193' title='bbox 118 2803 269 2863; x_wconf 86' lang='lat' dir='ltr'><strong>Exercent</strong></span> <span class='ocrx_word' id='word_1_194' title='bbox 282 2806 398 2881; x_wconf 84' lang='lat' dir='ltr'><strong>patrias</strong></span> <span class='ocrx_word' id='word_1_195' title='bbox 414 2806 479 2862; x_wconf 93' lang='lat' dir='ltr'><strong>oleo</strong></span> <span class='ocrx_word' id='word_1_196' title='bbox 494 2807 611 2862; x_wconf 87' lang='lat' dir='ltr'><strong>labente</strong></span> <span class='ocrx_word' id='word_1_197' title='bbox 626 2806 795 2880; x_wconf 85' lang='lat' dir='ltr'><strong>palaestras</strong></span> 
     </span>
     <span class='ocr_line' id='line_1_32' title="bbox 119 2883 760 2958; baseline -0.002 -17"><span class='ocrx_word' id='word_1_198' title='bbox 119 2883 235 2941; x_wconf 86' lang='lat' dir='ltr'><strong>Nudati</strong></span> <span class='ocrx_word' id='word_1_199' title='bbox 251 2886 343 2943; x_wconf 84' lang='lat' dir='ltr'><strong>socii:</strong></span> <span class='ocrx_word' id='word_1_200' title='bbox 360 2887 450 2958; x_wconf 80' lang='lat' dir='ltr'><strong>juvat</strong></span> <span class='ocrx_word' id='word_1_201' title='bbox 464 2887 597 2941; x_wconf 83' lang='lat' dir='ltr'><strong>evasisse</strong></span> <span class='ocrx_word' id='word_1_202' title='bbox 611 2891 658 2942; x_wconf 89' lang='lat' dir='ltr'><strong>tot</strong></span> <span class='ocrx_word' id='word_1_203' title='bbox 672 2886 760 2941; x_wconf 87' lang='lat' dir='ltr'><strong>urbes</strong></span> 
     </span>
     <span class='ocr_line' id='line_1_33' title="bbox 119 2963 935 3038; baseline -0.004 -19"><span class='ocrx_word' id='word_1_204' title='bbox 119 2963 288 3038; x_wconf 86' lang='lat' dir='ltr'><strong>Argolicas,</strong></span> <span class='ocrx_word' id='word_1_205' title='bbox 304 2965 478 3038; x_wconf 88' lang='lat' dir='ltr'><strong>mediosque</strong></span> <span class='ocrx_word' id='word_1_206' title='bbox 494 2965 595 3037; x_wconf 91' lang='lat' dir='ltr'><strong>lugam</strong></span> <span class='ocrx_word' id='word_1_207' title='bbox 611 2965 743 3021; x_wconf 87' lang='lat' dir='ltr'><strong>tenuisse</strong></span> <span class='ocrx_word' id='word_1_208' title='bbox 756 2981 809 3037; x_wconf 89' lang='lat' dir='ltr'><strong>per</strong></span> <span class='ocrx_word' id='word_1_209' title='bbox 824 2963 935 3020; x_wconf 87' lang='lat' dir='ltr'><strong>hostes.</strong></span> 
     </span>
     <span class='ocr_line' id='line_1_34' title="bbox 119 3042 856 3117; baseline -0.004 -17"><span class='ocrx_word' id='word_1_210' title='bbox 119 3042 240 3100; x_wconf 83' lang='lat' dir='ltr'><strong>Interea</strong></span> <span class='ocrx_word' id='word_1_211' title='bbox 253 3061 399 3117; x_wconf 83' lang='lat' dir='ltr'><strong>magnum</strong></span> <span class='ocrx_word' id='word_1_212' title='bbox 415 3044 459 3100; x_wconf 91' lang='lat' dir='ltr'><strong>sol</strong></span> <span class='ocrx_word' id='word_1_213' title='bbox 475 3044 721 3100; x_wconf 83' lang='lat' dir='ltr'><strong>circumvolvitur</strong></span> <span class='ocrx_word' id='word_1_214' title='bbox 736 3060 856 3109; x_wconf 89' lang='lat' dir='ltr'><strong>annum,</strong></span> 
     </span>
     <span class='ocr_line' id='line_1_35' title="bbox 120 3121 1055 3197; baseline -0.002 -19"><span class='ocrx_word' id='word_1_215' title='bbox 120 3122 161 3179; x_wconf 85' lang='lat' dir='ltr'><strong>Et</strong></span> <span class='ocrx_word' id='word_1_216' title='bbox 174 3123 311 3197; x_wconf 87' lang='lat' dir='ltr'><strong>glacialis</strong></span> <span class='ocrx_word' id='word_1_217' title='bbox 326 3123 443 3196; x_wconf 87' lang='lat' dir='ltr'><strong>hiemps</strong></span> <span class='ocrx_word' id='word_1_218' title='bbox 460 3123 792 3196; x_wconf 83' lang='lat' dir='ltr'><strong>aquilonibusasperat</strong></span> <span class='ocrx_word' id='word_1_219' title='bbox 807 3121 914 3179; x_wconf 88' lang='lat' dir='ltr'><strong>undas.</strong></span> <span class='ocrx_word' id='word_1_220' title='bbox 999 3121 1055 3177; x_wconf 79' lang='lat'><strong>285</strong></span> 
     </span>
     <span class='ocr_line' id='line_1_36' title="bbox 120 3198 890 3277; baseline -0.005 -17"><span class='ocrx_word' id='word_1_221' title='bbox 120 3201 199 3261; x_wconf 82' lang='lat' dir='ltr'><strong>Aere</strong></span> <span class='ocrx_word' id='word_1_222' title='bbox 215 3219 289 3259; x_wconf 88' lang='lat' dir='ltr'><strong>cavo</strong></span> <span class='ocrx_word' id='word_1_223' title='bbox 304 3203 441 3277; x_wconf 83' lang='lat' dir='ltr'><strong>elipeum,</strong></span> <span class='ocrx_word' id='word_1_224' title='bbox 457 3201 562 3274; x_wconf 90' lang='lat' dir='ltr'><strong>magni</strong></span> <span class='ocrx_word' id='word_1_225' title='bbox 578 3209 735 3273; x_wconf 85' lang='lat' dir='ltr'><strong>gestamen</strong></span> <span class='ocrx_word' id='word_1_226' title='bbox 748 3198 890 3269; x_wconf 82' lang='lat' dir='ltr'><strong>Abantis,</strong></span> 
     </span>
     <span class='ocr_line' id='line_1_37' title="bbox 119 3278 892 3354; baseline -0.001 -16"><span class='ocrx_word' id='word_1_227' title='bbox 119 3278 265 3340; x_wconf 87' lang='lat' dir='ltr'><strong>Postibus</strong></span> <span class='ocrx_word' id='word_1_228' title='bbox 280 3282 415 3339; x_wconf 89' lang='lat' dir='ltr'><strong>adversis</strong></span> <span class='ocrx_word' id='word_1_229' title='bbox 430 3280 497 3354; x_wconf 87' lang='lat' dir='ltr'><strong>figo,</strong></span> <span class='ocrx_word' id='word_1_230' title='bbox 513 3286 544 3337; x_wconf 89' lang='lat' dir='ltr'><strong>et</strong></span> <span class='ocrx_word' id='word_1_231' title='bbox 558 3297 621 3336; x_wconf 89' lang='lat' dir='ltr'><strong>rem</strong></span> <span class='ocrx_word' id='word_1_232' title='bbox 637 3279 768 3335; x_wconf 87' lang='lat' dir='ltr'><strong>carmine</strong></span> <span class='ocrx_word' id='word_1_233' title='bbox 784 3279 892 3352; x_wconf 86' lang='lat' dir='ltr'><strong>signo:</strong></span> 
     </span>
     <span class='ocr_line' id='line_1_38' title="bbox 120 3360 955 3438; baseline -0.004 -19"><span class='ocrx_word' id='word_1_234' title='bbox 120 3365 271 3419; x_wconf 72' lang='lat' dir='ltr'><strong>“munas</strong></span> <span class='ocrx_word' id='word_1_235' title='bbox 290 3377 375 3419; x_wconf 74' lang='lat' dir='ltr'><strong>aare</strong></span> <span class='ocrx_word' id='word_1_236' title='bbox 395 3376 438 3438; x_wconf 72' lang='lat' dir='ltr'><strong>nn</strong></span> <span class='ocrx_word' id='word_1_237' title='bbox 457 3375 579 3417; x_wconf 39' lang='lat' dir='ltr'><strong>nrrnnrs</strong></span> <span class='ocrx_word' id='word_1_238' title='bbox 601 3373 795 3419; x_wconf 73' lang='lat' dir='ltr'><strong>worumnus</strong></span> <span class='ocrx_word' id='word_1_239' title='bbox 817 3360 955 3433; x_wconf 57' lang='lat' dir='ltr'><strong>anurx’b,</strong></span> 
     </span>
    </p>
   </div>
   <div class='ocr_carea' id='block_1_5' title="bbox 111 3437 968 3515">
    <p class='ocr_par' dir='ltr' id='par_1_16' title="bbox 111 3437 968 3515">
     <span class='ocr_line' id='line_1_39' title="bbox 111 3437 968 3515; baseline 0.006 -22"><span class='ocrx_word' id='word_1_240' title='bbox 111 3437 336 3511; x_wconf 67' lang='lat' dir='ltr'><strong>linqueremur</strong></span> <span class='ocrx_word' id='word_1_241' title='bbox 346 3446 459 3514; x_wconf 77' lang='lat' dir='ltr'><strong>portus</strong></span> <span class='ocrx_word' id='word_1_242' title='bbox 467 3441 564 3515; x_wconf 80' lang='lat' dir='ltr'><strong>jubeo</strong></span> <span class='ocrx_word' id='word_1_243' title='bbox 579 3447 613 3502; x_wconf 90' lang='lat' dir='ltr'><strong>et</strong></span> <span class='ocrx_word' id='word_1_244' title='bbox 627 3442 790 3505; x_wconf 86' lang='lat' dir='ltr'><strong>considere</strong></span> <span class='ocrx_word' id='word_1_245' title='bbox 802 3441 968 3503; x_wconf 71' lang='lat' dir='ltr'><strong>transtris</strong></span> 
     </span>
    </p>
   </div>
   <div class='ocr_carea' id='block_1_6' title="bbox 0 0 1118 3676">
    <p class='ocr_par' dir='ltr' id='par_1_17' title="bbox 0 0 1118 3676">
     <span class='ocr_line' id='line_1_40' title="bbox 0 0 1118 3676; baseline 0 0"><span class='ocrx_word' id='word_1_246' title='bbox 0 0 1118 3676; x_wconf 95' lang='lat' dir='ltr'><strong> </strong></span> 
     </span>
    </p>
   </div>
  </div>
 </body>
</html>
