2204 3676
83 166 137 229 ·10
377 178 534 227 venerer
558 177 696 225 asuurs
721 179 745 225 1.

96 329 254 400 Audierat,
271 329 378 404 Tyrias
394 329 466 386 olim
480 347 557 404 quae
571 333 703 387 verteret
718 346 820 402 arees;
996 331 1032 384 20

64 398 72 487 l
97 409 177 466 Hinc
190 410 335 484 populum
349 410 409 465 late
425 427 526 482 regem
542 409 679 483 belloque
695 409 854 482 superbum

69 477 267 564 {MVenturum
282 487 397 545 excidio
413 487 548 562 Libyae:
571 489 613 544 sic
628 488 747 544 volvere
764 487 883 544 Parcas.

96 568 133 625 Id
148 575 283 623 metuens
299 568 467 641 veterisque
482 585 597 624 memor
612 566 753 624 Saturnia
767 567 846 636 belli,

97 646 200 704 Prima
213 647 293 721 quod
309 647 347 702 ad
363 647 482 719 Trojam
496 665 550 737 pro
566 647 644 703 caris
659 652 797 737 gesserat
811 645 915 719 Argis,

98 726 177 801 (Nec
192 727 308 782 dumt
278 744 294 782 e
296 725 370 782 tiam
386 743 494 786 causae
510 726 621 781 irarum
636 725 779 799 saevique
793 725 912 788 doleres
996 729 1032 783 25

97 805 280 863 Exciderant
295 805 412 878 anim03
433 810 537 862 manet
552 805 613 861 alta
627 811 726 861 mente
741 810 897 878 repostum

97 886 118 942 J
120 884 252 941 udicium
268 884 387 941 Paridis
402 888 577 958 spretaeque
593 884 701 957 injuria
715 885 835 954 formae,

98 963 139 1021 Et
154 980 249 1038 genus
264 963 403 1032 invisum,
420 968 451 1019 et
465 963 544 1037 rapti
559 963 746 1037 Ganymedis
761 962 890 1020 honores
901 961 923 1034 :)

99 1043 159 1100 His
173 1059 298 1100 aceensa
312 1059 410 1115 super,
421 1044 552 1115 jactatos
569 1060 697 1133 aequore
711 1048 776 1099 tete

99 1121 202 1192 Troas,
218 1121 359 1196 reliquias
374 1120 559 1178 Danairmt
529 1128 559 1178 at
561 1140 618 1195 que
633 1122 758 1178 immitis
774 1121 864 1178 Achil
866 1121 897 1192 li,
998 1129 1034 1184 30

98 1201 231 1260 Arcebat
243 1201 332 1292 longe
348 1200 458 1273 Lati03
480 1201 651 1292 multosque
664 1219 717 1292 per
733 1219 827 1257 annos

98 1280 257 1349 Errabant,
273 1285 333 1336 acti
309 1280 399 1336 ttiaf'
360 1286 426 1349 at,1s
442 1270 542 1335 maria
554 1281 654 1336 eniuia
669 1281 788 1351 circum

99 1360 214 1418 Tantae
229 1360 318 1416 melis
333 1365 398 1416 erat
386 1359 584 1416 tRomanam
599 1360 725 1416 condere
741 1367 872 1434 gentem

224 1440 305 1480 ,a
261 1435 307 1468 w·

138 1518 201 1577 Vix
214 1538 230 1577 e
246 1525 407 1592 conspectu
423 1516 540 1576 Siculae
555 1519 671 1576 telluris
685 1520 716 1576 in
731 1519 826 1575 altum

98 1597 177 1656 Vela
191 1601 306 1667 dabant
319 1599 399 1668 laeti,
415 1604 445 1655 et
460 1617 584 1673 spumas
600 1600 673 1655 salis
689 1617 755 1655 aere
770 1600 904 1667 ruebant,
998 1602 1035 1658 35

100 1680 201 1752 Quum
215 1680 307 1750 June,
323 1684 479 1735 aeternum
494 1696 619 1735 servans
635 1680 690 1735 sub
704 1683 823 1752 pectere
839 1678 958 1746 vulnus,

99 1759 186 1816 Haec
200 1776 317 1816 secum:
341 1762 358 1787 “
368 1756 458 1814 Mene
473 1758 592 1832 incepto
607 1758 752 1814 desistere
768 1757 888 1825 victam,

99 1837 163 1895 Nec
176 1855 264 1913 posse
279 1837 371 1894 Italia
386 1836 567 1893 Teucrorum
584 1843 717 1894 avertere
732 1833 856 1909 regem?

100 1917 215 1993 Quippe
231 1923 316 1974 veter
330 1914 419 1974 fatisl
462 1916 603 1973 Pallasne
618 1932 739 1972 exurere
755 1915 881 1973 classem

99 1996 250 2070 Argivum
265 2001 354 2070 atque
369 1995 451 2069 ipsos
465 1996 565 2068 potuit
579 1996 768 2068 submergere
783 1999 877 2068 ponto
1000 1998 1036 2053 40

100 2075 198 2133 Unius
213 2077 251 2132 ob
265 2093 378 2132 noxam.
390 2081 420 2132 et
435 2075 528 2132 furias
544 2075 647 2148 Ajecis
663 2072 746 2131 Oili?

98 2154 180 2230 Ipsa,
195 2155 216 2213 J
219 2156 284 2212 evis
299 2155 437 2228 rapidum
447 2154 581 2226 jaculata
595 2172 610 2209 e
627 2154 757 2210 nubibus
771 2153 881 2225 ignem,

99 2235 280 2309 Disjecitque
294 2239 375 2290 rates
389 2233 556 2307 evertitque
571 2251 701 2308 aequora
715 2235 813 2290 ventis
826 2253 833 2306 3

99 2313 190 2371 Illum
205 2313 405 2389 exspirantem
420 2312 564 2368 transfixe
578 2318 696 2387 pectore
712 2313 848 2369 flammas

100 2393 230 2451 Turbine
246 2392 394 2467 corripuit,
411 2392 592 2466 scopuloque
608 2391 704 2448 infixit
718 2399 813 2449 acuto.
1000 2393 1036 2448 45

100 2472 161 2532 Ast
174 2491 240 2547 ege,
256 2490 332 2547 quae
347 2471 450 2527 divum
464 2471 570 2528 incede
585 2472 699 2545 regina,
715 2471 736 2529 J
739 2472 862 2545 ovisque

99 2552 141 2609 Et
156 2558 283 2609 sereret
297 2552 433 2623 conjunx,
449 2569 590 2607 unacum
606 2557 695 2624 gente
710 2556 757 2607 tot
772 2567 867 2606 anuos

127 2633 186 2690 clla
199 2649 277 2705 gero.
320 2630 362 2687 Et
376 2630 533 2704 quisquam
549 2648 660 2686 numen
675 2631 806 2695 Junonis
822 2629 928 2685 adorat

100 2713 268 2781 Praeterea,
285 2716 337 2767 aut
352 2709 477 2785 supplex
492 2710 551 2766 aris
566 2710 700 2784 imponet
715 2709 856 2766 honorem
867 2705 904 2763 ?'’

140 2871 228 2929 Talia
242 2869 395 2926 flammate
409 2886 511 2925 seeum
526 2869 582 2925 dee
596 2869 683 2926 eorde
698 2868 839 2925 volutans
1000 2868 1036 2922 50

100 2951 279 3009 Nimborum
295 2949 326 3004 in
340 2948 477 3023 patriam,
493 2948 559 3004 loca
567 2939 635 3005 (feta
649 2947 817 3004 furentibus
832 2945 967 3004 Austris.

100 3030 240 3090 Aeoliam
256 3028 346 3085 venit.
392 3027 452 3083 Hic
466 3034 554 3084 vaste
567 3045 621 3084 rex
636 3027 750 3083 Aeolus
765 3032 851 3082 antro

100 3110 267 3167 Luctantes
282 3112 389 3164 ventos
403 3110 660 3180 tempestatesque
675 3122 800 3162 sonoras

100 3189 229 3264 Imperio
244 3186 360 3262 premit,
377 3203 412 3242 ae
426 3185 535 3243 vinclis
549 3192 580 3242 et
594 3202 710 3242 carcere
724 3185 828 3241 frenat.

100 3269 149 3328 Illi
165 3269 368 3341 indignantes,
384 3281 578 3338 magnorum
593 3281 745 3322 murmure
760 3264 881 3333 montis,
1001 3262 1038 3318 55

88 3347 213 3403 Circum
229 3346 364 3405 claustra
380 3344 530 3416 fremunt,
552 3345 633 3403 celse
647 3344 731 3402 sedet
747 3343 862 3401 Aeolus
878 3359 953 3410 arco,
