2204 3676
64 185 106 252 18
349 200 509 249 ruamur
534 201 681 249 anama
699 201 723 248 1.

64 353 205 431 Namque
217 353 350 412 humeris
361 354 397 411 de
409 371 490 410 more
502 351 634 410 habilem
646 355 847 428 suspenderat
856 371 960 411 arcum

65 433 223 504 Venatrix,
239 434 422 508 dederatque
438 450 555 489 comam
570 432 736 490 diffundere
751 433 859 502 ventis,

66 512 159 571 Nuda
174 530 263 587 genu,
278 513 416 586 nodoque
432 512 517 568 sinus
531 513 658 569 collecte
672 512 806 570 fluentes.
951 513 1010 570 320

66 592 114 652 Ac
123 593 203 669 prior
214 596 230 622 ‘¹
241 591 329 649 Heus
337 593 353 623 ’'
362 591 460 665 iuquit
469 596 485 620 “
491 592 627 664 juvenes,
637 597 812 662 monstrate,
823 609 960 648 mearum

67 671 201 729 Vidistis
216 670 243 726 si
258 689 348 745 quam
363 670 411 727 hic
426 675 574 726 errantem
589 670 666 727 forte
682 688 826 741 sororum,

68 749 258 808 Succinctam
275 749 415 824 pharetra
430 755 461 805 et
475 749 646 806 maculosae
660 749 794 823 tegmine
809 750 915 824 lyncis,

68 829 135 894 Aut
149 829 321 905 spumantia
336 829 399 905 apri
415 846 536 886 cursum
551 829 681 886 clamore
696 832 911 904 prementem.”

7 1038 14 1051 f
77 1054 80 1059 y
109 986 159 1046 Sic
174 987 289 1057 Venus,
305 994 336 1045 et
352 988 481 1044 Veneris
495 993 601 1045 contra
615 987 658 1045 sic
672 987 751 1045 filius
766 1006 870 1046 orsus:
955 988 1016 1045 325

20 1092 24 1099 ’
70 1067 191 1125 “Nulla
205 1073 325 1125 tuarum
343 1067 446 1124 audita
461 1067 534 1124 mihi
550 1085 646 1140 neque
662 1068 730 1123 visa
745 1085 890 1136 sororum,

71 1146 246 1222 O-quanr
267 1152 297 1204 te
319 1164 492 1218 memorem,
516 1146 624 1220 virgo?
652 1165 782 1221 namque
805 1147 885 1204 haud
906 1146 962 1203 tibi

54 1270 62 1287 ,
156 1280 167 1306 ,v
184 1228 291 1283 uultus

45 1306 54 1322 ¹
72 1306 221 1374 Mortalis,
238 1324 292 1363 uec
308 1324 367 1363 vox
381 1305 533 1363 hominem
549 1312 657 1378 sonat;
693 1303 718 1363 O
734 1306 791 1362 dea
806 1311 894 1374 certe,

73 1386 123 1443 Au
139 1384 254 1441 Phoebi
270 1383 374 1442 soror?
397 1403 435 1440 an
451 1385 665 1460 Nympharum
680 1385 838 1459 sanguinis
853 1382 936 1442 una?

74 1465 123 1522 Sis
138 1464 216 1534 felix,
233 1471 428 1539 nostrumque
444 1465 535 1533 lovea,
551 1483 765 1539 quaecumque,
781 1465 924 1535 laborem,
957 1463 1018 1520 330

74 1545 123 1613 lit,
139 1561 198 1618 quo
213 1545 269 1600 sub
285 1544 367 1601 caelo
382 1545 515 1612 tandem,
533 1544 643 1617 quibus
659 1545 740 1601 orbis
756 1544 786 1600 iu
802 1544 862 1601 oris

74 1624 239 1694 Jactemur,
255 1624 383 1696 doceas;
405 1623 504 1697 ignari
520 1622 736 1698 hominumque
751 1624 943 1696 locorumque

75 1703 228 1770 Erramus,
244 1709 335 1760 vento
350 1702 409 1759 huo
423 1703 521 1760 vastis
536 1708 567 1760 et
582 1701 721 1759 fluctibus
737 1703 814 1760 acti:

75 1782 174 1838 Multa
188 1782 244 1838 tibi
260 1789 330 1839 ante
346 1800 414 1839 aras
427 1788 534 1839 nostra
548 1782 637 1839 cadet
652 1781 754 1839 hostia
769 1783 905 1840 dextra.’'

103 1939 1018 2016 TumVenus:“Haudequidemtalimedignorhonore3335

80 2020 255 2094 Virginibus
270 2019 372 2095 Tyriis
387 2037 453 2077 mos
468 2025 515 2077 est
529 2026 649 2094 gestare
664 2020 846 2095 pharetram,

79 2100 290 2174 Purpurcoque
306 2099 365 2156 alte
381 2117 467 2157 suras
483 2099 595 2157 vincire
610 2100 765 2157 cothurno

79 2179 193 2235 Punica
207 2196 300 2252 regna
315 2179 408 2248 vides,
424 2178 534 2253 Tyrios
548 2186 579 2236 et
594 2179 746 2251 Agenoris
764 2179 867 2235 urbem
880 2198 887 2252 3

79 2257 137 2316 Sed
153 2257 226 2314 fines
240 2257 357 2332 Libyci,
374 2276 471 2332 genus
485 2258 674 2316 intractabile
688 2258 775 2316 bello.

79 2336 241 2412 Imperium
258 2337 336 2394 Dido
352 2337 446 2412 Tyria
460 2337 539 2411 regit
553 2338 624 2394 urbe
638 2338 781 2411 profecta,
961 2333 1022 2394 34⁰

79 2418 261 2477 Germanum
276 2417 402 2490 fugiens
447 2416 555 2490 Longa
569 2423 616 2474 est
631 2417 747 2490 injuria,
763 2418 872 2490 longae

80 2498 255 2570 Ambages;
277 2497 329 2554 sed
345 2494 464 2553 summa
479 2513 588 2570 sequar
602 2496 727 2570 fastigia
740 2514 847 2554 rerum.

81 2576 160 2633 Huic
175 2576 304 2648 conjunx
319 2574 475 2650 Sychaeus
490 2581 564 2645 erat,
581 2575 749 2633 ditissimus
764 2575 831 2649 agri

81 2654 274 2724 Phoenicum,
290 2661 322 2712 et
336 2673 449 2729 magno
464 2655 591 2712 miserae
606 2655 734 2713 dilectus
748 2672 859 2725 amore,

81 2735 138 2793 Cui
151 2740 236 2810 pater
251 2734 395 2792 intactam
411 2734 544 2802 dederat,
560 2734 723 2809 primisque
733 2735 857 2808 jugaret
961 2731 1021 2790 345

81 2813 248 2872 Ominibus.
293 2813 352 2871 Sed
366 2831 460 2887 regna
474 2813 546 2887 Tyri
564 2831 727 2887 germanus
741 2812 873 2870 habebat

82 2892 273 2968 Pygmalion,
291 2892 399 2949 scelere
415 2897 484 2949 ante
500 2893 577 2949 alios
591 2893 752 2950 immanior
766 2908 879 2949 omnes

82 2973 165 3045 Quos
180 2971 388 3029 intermedius
405 2971 488 3028 venit
502 2972 590 3029 furor.
636 2971 691 3029 Ille
707 2970 878 3047 Sychaeum

81 3051 197 3126 Impius
212 3056 282 3108 ante
298 3068 365 3106 aras
382 3056 471 3124 atque
487 3050 550 3107 auri
566 3068 672 3108 caecus
688 3068 789 3108 amore

83 3130 168 3186 Clam
184 3130 260 3186 ferro
275 3130 430 3186 incautum
446 3135 575 3202 superat,
592 3147 714 3186 securus
729 3147 864 3187 amorum
963 3129 1020 3186 350

83 3209 250 3265 Germanae
262 3229 269 3280 3
292 3209 463 3282 factumque
479 3208 531 3264 diu
544 3208 663 3276 celavit,
679 3215 710 3266 et
723 3226 854 3283 aegram,

84 3286 183 3344 Multa
196 3287 294 3344 malus
309 3287 462 3354 simulans
479 3304 560 3343 vana
574 3304 626 3362 spe
641 3287 715 3345 lusit
730 3293 892 3348 amantem.

73 3368 149 3438 Ipsa
163 3366 220 3423 scd
232 3366 264 3423 iu
278 3365 395 3425 soumis
412 3364 563 3424 inhumati
578 3366 662 3424 venit
676 3366 778 3441 imago
