2204 3676
68 199 110 263 90
349 214 509 264 vusernr
533 212 673 261 nnunrs
696 213 732 264 v.

67 364 105 421 In
119 382 203 423 mare
217 364 413 441 praecipitem
425 364 520 440 puppi
534 363 677 422 deturbat
691 364 730 422 eb
744 365 825 440 alts3
953 363 1006 427 ltt

68 444 137 519 Ipso
153 444 335 519 gubernaclo
349 450 446 501 rector
461 444 550 514 subit,
567 444 632 519 ipse
647 444 804 518 magister,

69 524 278 598 Hortaturque
293 524 383 592 viros,
399 524 578 597 clavumque
594 524 632 581 ad
647 524 737 581 litora
751 530 880 601 torquet

69 606 115 660 At
130 603 240 677 gravis,
256 609 291 660 ut
304 603 398 659 fundo
412 603 465 659 vix
478 603 602 659 tandein
615 603 754 659 redditus
769 604 830 661 imo
844 609 902 676 est,

69 684 90 741 J
93 701 141 739 am
157 682 264 753 senior,
279 683 463 755 madidaque
478 682 573 739 fluens
587 683 618 738 in
634 689 727 750 veste,
743 682 905 742 Menoetes

72 763 199 820 Summa
212 763 290 836 petit
304 762 428 836 scopuli,
441 761 581 836 siccaque
596 762 625 817 iu
640 778 712 836 rupe
727 763 848 821 resedit
952 766 1009 825 180

71 843 161 899 Illum
176 848 207 898 et
221 841 369 899 labentem
386 841 494 897 Teucri
509 848 541 897 ct
554 841 646 897 risere
661 847 827 912 natantem,

72 921 112 979 Et
127 920 224 978 salsos
238 921 339 977 rident
353 928 559 978 revomentem
573 927 694 995 pectore
708 920 825 981 ssuctus.
845 940 850 949 ·

72 1001 132 1058 Ilio
146 1000 225 1057 laeta
238 1000 381 1057 extremis
396 1016 466 1073 spes
480 1006 528 1056 est
542 1018 668 1057 accensa
682 1000 809 1073 duobus,

73 1080 214 1155 Sergesto
229 1080 433 1155 Mnesthique,
451 1079 541 1155 Gyan
557 1094 698 1155 superare
713 1088 890 1141 merentem

74 1160 234 1234 Sergestus
248 1160 329 1234 cupit
344 1169 413 1216 ante
428 1160 536 1229 locum,
549 1160 731 1235 scopuloque
742 1161 937 1238 propinquet,
954 1162 1006 1221 185

72 1239 136 1297 Nec
150 1245 216 1296 tots
229 1245 331 1297 tamen
346 1240 396 1296 illc
410 1241 491 1314 prior
505 1246 669 1313 praecunte
684 1240 802 1296 carina:

73 1319 165 1377 Parte
180 1319 268 1394 prior,
284 1326 400 1393 partem
415 1325 512 1376 rostro
526 1320 634 1394 premit
649 1319 767 1375 aemula
782 1319 903 1381 Pristis,

73 1398 118 1456 At
132 1399 231 1455 media
245 1399 342 1455 socios
356 1399 497 1455 inccdens
512 1416 590 1455 nave
604 1415 657 1473 per
670 1399 752 1473 ipsos

74 1479 226 1536 Hortatur
240 1478 437 1535 Mnestheus:
460 1483 476 1508 “
485 1477 581 1548 Nune,
597 1495 678 1535 nunc
692 1478 841 1553 insurgite
855 1479 959 1552 remis,

74 1558 217 1616 Hectorei
231 1558 314 1628 socii,
331 1557 438 1631 Trojac
453 1575 529 1631 quos
543 1563 624 1614 sorte
640 1575 781 1632 suprema
956 1562 1011 1619 100

75 1638 182 1712 Delegi
197 1638 342 1710 comltcs3
364 1655 443 1694 nunc
459 1638 527 1693 illas
540 1637 668 1712 promite
684 1638 771 1708 vires,

74 1717 163 1775 Nunc
179 1718 302 1785 animos,
319 1717 428 1791 quibus
444 1717 474 1773 in
490 1716 628 1774 Gaetulis
643 1716 777 1792 syrtibus
790 1718 838 1776 usi

74 1797 220 1871 Ionioque
235 1797 309 1853 muri
325 1796 503 1869 Maleaeque
519 1796 697 1871 sequacibus
713 1797 809 1856 undis.

74 1875 146 1934 Non
161 1878 224 1950 jam
240 1876 337 1949 prima
352 1882 422 1949 peto
438 1875 626 1945 Mnestheus,
643 1892 740 1949 neque
755 1878 875 1936 vincere
890 1886 988 1952 eert03

75 1956 282 2032 (Quamquam
297 1953 451 2013 ol—Sed
466 1961 618 2030 superent,
640 1956 749 2031 quibus
770 1956 836 2028 hoe,
859 1956 1012 2035 Neptune,

194 2034 341 2108 dedisti);
957 2040 1012 2097 195

76 2113 236 2172 Extremos
251 2115 365 2188 pudeat
378 2114 513 2172 rediisse.
557 2113 626 2172 Hoc
639 2116 761 2185 vincite,
777 2116 868 2187 cives,

75 2194 118 2251 Et
130 2195 286 2270 prohibete
302 2194 416 2251 nefus”
459 2193 519 2251 Olli
534 2196 697 2252 certamine
712 2213 829 2254 summo

76 2273 296 2332 Procumbunt:
318 2274 416 2331 vastis
431 2274 534 2331 tremit
547 2274 658 2332 ictibus
672 2292 759 2331 aerea
773 2276 892 2350 puppis

78 2353 331 2428 Subtrahiturquc
347 2354 463 2427 solum3
485 2361 550 2410 tuni
566 2355 668 2411 creber
682 2354 834 2412 anhelitus
849 2362 934 2413 artus

77 2434 231 2509 Aridaque
247 2451 299 2491 oru
314 2434 419 2508 quatit,
437 2433 528 2490 sudor
542 2433 608 2491 fluit
622 2433 754 2508 undiquc
769 2434 851 2492 rivis.
957 2438 1013 2496 200

76 2514 192 2570 Attulit
206 2514 271 2588 ipse
287 2514 360 2569 viris
375 2520 512 2588 optatum
528 2530 617 2570 casus
632 2513 793 2570 honorem:

77 2591 216 2668 Namque
231 2593 333 2649 surcus
349 2593 440 2649 animi
457 2594 528 2650 dum
542 2610 664 2668 proram
679 2592 716 2649 ad
733 2609 807 2649 saxa
820 2591 972 2668 suburgot

76 2671 208 2730 Interior
222 2673 381 2747 spatioque
397 2673 479 2730 subit
495 2672 657 2747 Sergestus
672 2672 783 2747 iniquo,

77 2752 187 2809 Infelix
202 2751 284 2808 saxis
298 2752 329 2808 in
344 2754 590 2826 procurrentibus
605 2752 712 2809 haesit.

79 2832 250 2890 Concussae
266 2837 376 2901 cautes,
392 2838 424 2889 et
438 2838 526 2889 acuto
541 2833 572 2888 in
586 2834 697 2889 murice
712 2832 786 2888 remi
957 2834 1013 2891 205

79 2911 188 2968 Obnixi
203 2929 351 2986 crepuere,
368 2912 505 2986 illisaque
521 2929 608 2986 prora
622 2913 772 2987 pependit.

79 2991 274 3065 Consurgunt
288 2998 398 3048 nautae
413 2998 443 3048 ct
458 3009 569 3064 magno
584 2992 712 3048 clamore
727 2997 892 3062 morantur,

77 3068 277 3145 Ferratasque
291 3072 394 3127 trudes
408 3077 439 3127 ct
454 3077 543 3127 acuta
559 3072 680 3144 cuspide
695 3078 800 3128 contos

76 3148 258 3223 Expediunt,
275 3150 443 3224 fractosque
459 3150 565 3223 legunt
579 3150 608 3205 in
624 3151 745 3223 gurgite
760 3166 866 3208 remos,

75 3228 120 3286 At
135 3229 232 3285 lectus
247 3228 436 3296 Mnestheus
453 3245 652 3302 successuque
668 3231 762 3285 acrior
776 3230 850 3304 ipsu,
955 3233 1012 3290 210

75 3307 208 3382 Agmine
223 3324 373 3363 remorum
387 3307 473 3363 celeri
490 3308 648 3382 ventisque
664 3308 780 3365 vocetis

57 3385 166 3444 Prona
176 3386 260 3465 petit
273 3387 374 3448 maria
389 3392 422 3447 et
436 3387 549 3465 pelago
564 3387 698 3444 accurrit
710 3392 825 3460 operto.
