2204 3676
387 166 544 213 VERGILI
570 165 705 211 Annius
731 164 754 212 Ι.

88 317 283 390 Ostendunt3
304 316 365 371 illic
380 316 425 371 fas
440 333 534 390 regna
550 333 706 389 resurgere
722 316 838 390 Trojae.

89 397 220 467 Durate,
236 401 267 452 et
282 401 402 451 vosmet
415 396 504 451 rebus
519 402 637 488 servate
654 395 823 451 eeeuudis.’'
866 418 915 490 ..-

133 554 222 611 Talia
236 571 309 610 voce
324 555 415 610 refert
430 575 436 626 ς
459 555 596 628 curisque
613 554 788 628 ingentibus
803 570 895 628 aeger

93 635 187 710 Spem
203 633 290 690 vultu
306 634 438 703 simulat,
454 634 564 708 premit
580 634 676 690 altum
692 634 779 689 eorde
796 635 929 690 dolorem

91 714 145 772 Illi
161 731 192 770 se
207 713 336 788 praedae
352 713 514 786 accingunt
529 713 715 788 dapibusque
731 713 858 770 futuris:
982 713 1039 768 210

93 795 229 867 Tergora
243 791 396 867 deripiunt
410 793 503 849 costis
518 798 549 849 et
564 793 679 849 viscera
695 794 830 866 nudant;

95 874 173 931 Pars
187 872 219 928 in
234 872 332 928 frusta
347 878 450 929 secant
465 872 644 948 veribusque
660 873 823 929 trementia
839 871 954 946 figunt,

96 953 201 1010 Litore
217 955 291 1008 aina
305 952 407 1009 locant
422 951 482 1023 alii,
499 951 694 1026 flammasque
710 952 891 1008 ministrant.

95 1033 175 1089 Tum
189 1031 272 1088 victu
285 1037 430 1089 revocant
444 1033 534 1102 virae,
550 1032 668 1106 fusique
683 1049 736 1106 per
751 1031 875 1088 herbam

94 1112 264 1186 implentur
278 1112 389 1168 veteris
404 1112 517 1169 Bacchi
532 1113 714 1186 pinguisque
730 1112 848 1168 ferinae.
982 1110 1038 1167 215

95 1192 264 1266 Postquam
275 1199 416 1268 exempta
424 1192 521 1249 fames
531 1193 636 1267 apulie,
648 1210 828 1265 mensaeque
845 1197 988 1261 remotae,

97 1271 239 1329 Amissos
253 1271 345 1345 longo
360 1272 456 1329 socios
473 1290 609 1329 sermone
625 1272 791 1345 requirunt,

77 1350 249 1426 „Spemque
263 1359 437 1427 metumque
453 1352 532 1408 inter
547 1352 638 1421 dubii,
657 1369 710 1407 seu
725 1352 827 1408 vivere
843 1352 975 1420 credant,

69 1432 75 1445 ⁸
96 1429 169 1488 Sive
183 1437 318 1487 extrema
333 1433 398 1505 pati
413 1450 468 1488 nee
478 1434 542 1506 jam
557 1432 698 1488 exaudire
715 1437 848 1489 vocatos.

96 1510 262 1586 Praecipue
277 1511 346 1584 pius
362 1511 485 1568 Aeneas
501 1530 580 1568 nunc
596 1513 673 1568 aeris
691 1511 808 1582 Oronti,
982 1510 1040 1566 220

95 1589 126 1647 N
128 1608 187 1647 unc
203 1590 315 1664 Amyci
330 1608 434 1648 casum
450 1592 546 1665 gemit
561 1598 591 1648 et
606 1591 856 1648 crudelia‘s'ecum

95 1670 177 1727 Fata
193 1669 276 1745 Lyci,
293 1671 460 1746 fortemque
477 1671 575 1746 Gyan,
592 1671 758 1745 fortemque
776 1670 969 1728 Cloanthum.

137 1830 179 1889 Et
189 1833 252 1905 jam
267 1830 335 1888 finis
350 1837 422 1901 erat,
440 1849 533 1906 quum
548 1831 677 1905 Jupiter,
695 1829 816 1886 aethere
832 1846 949 1886 summo

95 1911 274 1984 Despieiens
287 1928 370 1968 mare
385 1913 550 1968 velivolum
565 1916 719 1985 terrasque
732 1912 867 1984 jacentes

96 1991 263 2065 Litoraque
278 1996 309 2047 et
323 1991 402 2048 latos
416 1992 553 2065 populos,
570 1992 614 2048 sic
629 1991 740 2047 vertice
755 1990 830 2047 caeli
982 1988 1039 2044 225

96 2071 247 2129 constitit
261 2077 292 2127 et
307 2069 424 2145 Libyae
440 2071 545 2128 defixit
559 2071 676 2127 lumina
690 2071 802 2144 regnis.

96 2151 200 2225 Atque
214 2150 308 2219 illum,
324 2151 402 2206 tales
416 2152 586 2225 jaetantem
599 2157 720 2225 pectore
737 2168 834 2219 curae,

96 2230 226 2287 Tristior
241 2235 272 2286 et
286 2229 420 2287 lacrimis
437 2230 541 2287 oculos
557 2231 672 2287 suffusa
686 2231 822 2287 nitentes

95 2309 274 2383 Alloquitur·
284 2308 391 2366 Venus
404 2332 410 2368 :
429 2315 445 2340 “
458 2310 483 2367 0
496 2311 606 2385 quires
619 2310 838 2384 hominumque
851 2307 1000 2380 deirmque

96 2389 244 2448 Aeternis
258 2390 341 2463 regis
357 2390 501 2464 imperiis,
517 2397 548 2447 et
562 2391 686 2446 fulmine
700 2395 803 2458 terrea,
983 2387 1039 2442 230

88 2469 181 2542 'Quid
195 2487 282 2526 meus
296 2468 420 2526 Aeneas
435 2470 466 2525 iu
481 2476 511 2526 te
526 2470 712 2526 committere
728 2474 859 2536 tantum,

97 2549 181 2622 Quid
197 2547 291 2606 Troes
304 2554 437 2623 potuere,
454 2549 570 2623 quibua,
586 2555 633 2605 tot
648 2550 752 2605 lunera
766 2548 874 2622 pesele,

98 2631 237 2686 Cunctus
252 2628 290 2685 ob
306 2628 428 2685 Italiam
442 2634 590 2686 terrarum
606 2629 754 2685 clauditur
769 2626 870 2684 orbis?

98 2709 189 2765 Certe
204 2707 273 2765 hine
288 2709 446 2766 Romanos
461 2709 541 2778 olim,
558 2707 751 2764 volventibus
767 2707 863 2777 annia,

98 2788 181 2844 Hinc
196 2787 257 2844 fore
273 2788 421 2857 ductores,
437 2792 577 2844 revocato
594 2805 612 2844 a
626 2787 773 2860 sanguine
789 2786 905 2855 Teucri,
982 2785 1039 2840 235

98 2867 159 2939 Qui
174 2884 265 2936 mare,
280 2867 331 2942 qui
345 2872 442 2924 terras
457 2867 539 2924 omni
549 2867 669 2923 'dicione
684 2870 830 2935 tenerent,

98 2946 289 3003 Pollicitu's:
311 2965 387 3020 quae
402 2953 441 3017 te,
458 2947 583 3020 genitor,
600 2946 751 3002 sententia
764 2941 880 3000 vertit?

98 3025 168 3082 Hoc
182 3025 321 3099 equidem
338 3043 474 3082 occasum
491 3025 596 3098 Trojae
611 3025 774 3097 tristesque
787 3024 891 3080 ruinas

99 3104 236 3174 Solabar,
253 3105 325 3161 fatis
341 3104 491 3162 contraria
506 3105 569 3160 fata
585 3105 767 3177 rependens;
964 3145 966 3150 .

99 3182 189 3240 Nunc
204 3183 310 3240 eadem
325 3184 445 3240 fortuna
460 3183 542 3239 viros
556 3187 603 3239 tot
617 3183 737 3239 casibus
753 3186 837 3240 notos
982 3182 1039 3247 240

99 3262 283 3337 Insequitur.
327 3263 424 3335 Quem
439 3263 494 3319 das
509 3261 606 3331 finem,
621 3279 674 3318 rex
693 3279 813 3336 magne,
828 3255 988 3318 laborum?
1011 3258 1014 3263 ’

46 3356 49 3450 Ι
100 3341 240 3400 Anteum
250 3341 358 3416 potuit,
373 3341 483 3400 mediis
497 3341 624 3421 elapsus
639 3342 784 3418 Achivis,
