2204 3676
367 183 523 232 venerer
548 183 686 232 tauers
711 185 734 232 1.
975 172 1014 237 11

74 332 204 408 Sceptra
216 338 331 402 teneus,
347 337 504 409 mollitque
519 335 637 393 animos
651 341 682 392 et
697 341 846 409 temperat
860 335 929 393 irus.

74 411 119 470 Ni
133 414 231 482 faciat,
247 414 346 470 maria
360 431 395 471 ae
408 421 505 472 terras
519 415 693 489 caelumque
709 415 890 489 protundum

75 493 195 567 Quippe
209 493 308 549 ferant
321 493 418 567 rapidi
433 510 534 549 secum
550 500 730 567 verrantque
744 511 797 568 pcr
813 510 911 551 auras.

77 571 140 629 Sed
154 578 240 646 pater
255 572 446 646 omnipotens
461 572 613 646 speluncis
628 573 743 629 abdidit
758 575 840 641 atris,
977 573 1014 629 60

76 649 146 708 Hoc
161 656 307 720 metusne,
322 651 489 724 molemque
504 656 535 708 et
549 658 667 709 montes
682 652 804 727 insuper
818 653 896 710 altos

75 729 234 806 Imposuit,
249 747 409 805 regemque
424 730 516 799 dedit,
533 732 585 805 qui
600 731 716 788 foedere
731 739 811 788 certo
848 745 849 748 ’

76 807 120 865 Et
133 826 267 885 premere
281 815 312 865 et
326 810 411 866 laxas
426 811 516 866 sciret
530 811 601 866 dare
611 813 715 884 jussus
731 811 872 868 habenas.

76 887 129 945 Ad
143 906 231 963 quem
245 893 312 945 tum
326 889 346 947 J
349 906 409 945 uno
424 891 549 964 supplex
564 889 611 946 his
625 891 750 947 vocibus
765 909 820 946 uso.
834 896 897 947 est:

119 1047 239 1117 “Aeole,
248 1066 377 1122 namque
386 1048 440 1104 tibi
447 1048 550 1105 divim
560 1056 646 1124 pater
655 1055 744 1124 atque
752 1049 966 1111 hominumaex
976 1048 1012 1104 65

76 1126 121 1184 Et
133 1128 262 1184 mulcere
277 1129 360 1185 dedit
375 1127 482 1185 fluctus
496 1135 527 1185 et
540 1129 644 1185 tollere
660 1134 758 1197 vento,

77 1206 161 1264 Gens
176 1207 298 1264 inimica
312 1207 388 1264 mihi
404 1207 594 1282 Tyrrhenum
609 1209 736 1278 navigat
752 1226 870 1282 aequor,

77 1285 169 1344 Ilium
183 1286 214 1342 in
230 1286 350 1342 Italiam
363 1293 488 1361 portans
503 1287 657 1361 victosque
674 1288 822 1344 Penates:

76 1365 183 1424 Inoute
199 1366 261 1421 vim
277 1366 375 1422 ventis
391 1365 621 1440 submersasque
637 1367 727 1422 obrue
742 1385 865 1441 puppes,

76 1445 144 1501 Aut
159 1463 214 1518 age
229 1445 365 1501 diversos
379 1450 410 1501 et
425 1445 526 1519 disjice
542 1463 667 1520 corpora
680 1451 780 1520 ponto.
976 1442 1013 1500 'ld

78 1523 159 1581 Sunt
172 1524 246 1581 mibi
260 1524 307 1580 bis
322 1530 437 1598 septem
451 1526 619 1599 praestanti
635 1542 757 1598 corpore
773 1525 943 1599 Nymphae,

77 1603 222 1675 Quarum,
238 1622 314 1678 quae
329 1604 425 1660 forma
438 1605 641 1678 pulcherrima
656 1604 797 1679 Deiopea,

78 1683 236 1740 connubio
247 1685 374 1756 jungam
391 1683 491 1740 stabili
506 1684 716 1758 propriamque
731 1685 846 1751 dicabo,

77 1760 191 1819 Omnes
205 1768 240 1819 ut
253 1769 353 1819 tecum
367 1762 483 1820 meritis
497 1781 552 1837 pro
565 1763 678 1820 talibus
693 1781 788 1819 annos

76 1841 198 1916 Exiget,
215 1847 245 1898 et
258 1842 383 1917 pulchra
398 1843 534 1900 societte
548 1842 630 1918 prole
644 1844 827 1918 parentem.’'
976 1835 1013 1894 'l5

118 2000 232 2059 Aeolus
250 2001 324 2059 haec
340 2007 461 2060 contra:
483 2005 499 2031 ‘⁴
511 2001 603 2072 Tuus,
619 2019 637 2060 o
651 2003 764 2076 regina,
781 2001 853 2075 quid
869 2007 964 2075 optes,

77 2081 242 2155 Explorare
258 2082 349 2152 labor,
364 2082 439 2138 mihi
450 2083 537 2154 jussa
552 2099 706 2155 capessere
722 2082 768 2137 fas
783 2087 837 2137 est.

77 2161 124 2217 Tu
139 2161 213 2217 mihi
225 2162 432 2235 quodcumque
444 2161 500 2217 hoo
510 2161 604 2234 regni,
617 2167 652 2216 tu
667 2167 784 2235 sceptra
795 2160 816 2218 J
818 2176 965 2233 ovemque

78 2240 237 2309 Concilias,
254 2246 288 2297 tu
302 2241 356 2297 dos
372 2240 467 2315 epulis
483 2240 657 2296 accumbere
673 2240 785 2307 divim,

77 2319 317 2394 Nimborumque
332 2319 406 2376 facis
421 2325 695 2395 tempestatumque
709 2320 894 2395 potentem.'’
977 2315 1014 2369 80

117 2477 203 2537 Haeo
218 2479 267 2536 ubi
284 2480 374 2549 diota,
389 2496 498 2537 cavum
512 2497 658 2537 conversa
672 2479 793 2552 cuspide
808 2481 941 2533 montem

76 2558 203 2632 Impulit
217 2559 248 2615 in
262 2559 350 2628 latus,
367 2577 401 2616 ec
417 2560 507 2629 venti,
524 2559 607 2615 velut
622 2559 742 2631 agmine
757 2559 844 2624 facto,

76 2638 145 2710 Qua
160 2639 232 2695 data
246 2643 342 2713 porta,
357 2644 449 2695 ruunt
463 2644 494 2695 et
507 2645 604 2696 terras
619 2638 736 2693 turbine
750 2636 885 2712 perflant.

76 2716 243 2774 lnoubuere
259 2719 341 2786 mari,
357 2723 514 2792 totumque
529 2737 545 2774 e
561 2717 682 2773 sedibus
695 2717 765 2773 imis

78 2793 148 2852 Una
164 2796 322 2871 Eurusque
337 2796 496 2870 Notusque
512 2802 603 2852 ruunt
618 2797 775 2870 creberque
789 2794 928 2870 procellis
977 2804 1014 2860 85

77 2874 209 2945 Africus,
224 2881 255 2933 et
269 2881 374 2932 vastos
389 2876 515 2932 volvunt
530 2876 567 2932 ad
581 2875 671 2932 litora
686 2875 800 2932 fluetus.

77 2954 252 3029 Insequitur
265 2955 435 3028 clamorque
451 2954 547 3010 virdm
564 2955 731 3029 stridorque
745 2955 913 3010 rudentum.

76 3033 217 3109 Eripiunt
232 3034 333 3089 subito
348 3035 442 3090 nubes
458 3034 632 3107 caelumque
648 3034 786 3107 diemque

76 3112 260 3170 Teucrorum
275 3130 312 3169 ex
326 3113 437 3184 oculis3
458 3118 552 3186 ponto
567 3130 627 3169 nox
640 3112 762 3168 incubat
777 3116 861 3182 atra3

76 3191 239 3250 Intonuere
254 3186 324 3267 poli,
340 3198 371 3248 et
386 3193 497 3248 crebris
513 3193 602 3247 micat
616 3192 738 3265 ignibus
752 3191 863 3260 aether,
978 3197 1039 3253 90·

77 3273 332 3345 Praesentemque
348 3272 423 3328 viris
437 3272 591 3328 intentent
606 3271 707 3326 omnio
721 3278 857 3327 mortuui.

77 3351 239 3426 Extemplo
254 3351 376 3407 Aeneae
391 3351 552 3410 solvuntur
566 3350 680 3429 frigore
692 3349 855 3424 membru,
