2204 3676
108 197 148 259 68
385 212 545 262 vuaorm
567 210 708 261 nnuma
730 210 789 261 111.

107 361 306 439 Respieirnus.
350 364 427 423 Dira
440 363 560 421 illuvies
575 362 771 439 immissoque
783 362 886 435 barba,

109 442 290 500 consertum
304 450 448 518 tegumen
463 444 575 518 spinis3
598 448 629 499 at
643 447 741 500 cetera
756 442 874 512 Graius,

110 522 168 599 [Et
183 523 334 596 quondam
349 524 455 596 patriis
471 523 508 580 ad
524 522 644 595 Trojam
657 523 772 578 missus
787 522 818 577 in
832 518 951 591 amlal
994 520 1052 579 595
1087 572 1090 577 .

107 602 198 676 Isque
213 602 265 657 ubi
282 601 453 658 Dardanios
467 602 589 658 habitus
604 605 634 657 et
650 601 740 658 Troia
753 602 832 657 vidit

108 681 204 738 Arma
218 680 331 754 procul,
347 682 469 755 paulum
485 687 608 756 aspectu
623 680 805 737 conterritus
820 680 927 749 haesit,

109 759 325 833 Continuitque
342 761 469 835 gradum
481 780 487 830 ;
508 776 579 816 mox
593 777 659 816 sese
675 760 713 815 ad
727 760 818 816 litora
830 776 975 835 praeceps

109 839 187 896 Cum
202 838 273 895 fletu
289 840 486 913 precibusque
500 838 590 896 tulit:
614 843 631 868 ‘¹
642 838 701 895 Per
715 839 814 895 sidera
827 844 931 909 testor,

108 918 168 977 Per
183 935 308 992 superos
324 924 413 994 atque
427 918 484 975 hoe
499 918 573 974 caeli
589 915 730 991 spirabile
744 918 855 989 lumen,
995 918 1052 977 000

110 997 220 1054 Tollite
236 1016 292 1066 me,
309 996 435 1056 Teucril
457 1015 662 1072 quascumque
677 997 816 1054 abducite
830 1002 946 1054 terras:

110 1077 178 1135 Hoc
194 1082 243 1133 sat
257 1077 322 1135 erit.
368 1077 436 1135 Seio
450 1095 498 1133 me
514 1077 630 1134 Danais
645 1095 661 1133 e
676 1077 823 1134 classibus
837 1093 942 1146 unum,

109 1156 152 1213 Iit
166 1157 245 1213 bello
262 1157 371 1214 Iliacos
386 1158 483 1214 fateor
496 1157 621 1231 petiisse
637 1156 775 1214 Penates

110 1236 170 1293 Pro
186 1254 255 1310 quc,
272 1237 298 1293 si
313 1237 434 1294 sceleris
449 1242 537 1293 tanta
550 1242 598 1292 est
610 1236 721 1309 injuria
733 1235 839 1305 nostri,

111 1316 251 1390 Spargite
266 1334 313 1372 me
328 1317 359 1372 in
375 1315 491 1387 fluctus
508 1320 656 1389 vastoque
672 1316 841 1390 immergite
854 1319 966 1390 ponto:
994 1314 1051 1373 005

110 1394 144 1453 si
160 1413 257 1469 pereo,
273 1394 430 1452 hominum
445 1395 587 1452 manibus
600 1396 726 1470 periisse
742 1395 894 1470 juvabit.’'

109 1475 245 1544 Dixerat,
261 1479 291 1531 et
306 1493 407 1549 genua
422 1475 577 1549 amplexus
592 1475 777 1549 genibusque
792 1474 933 1532 volutans

110 1554 274 1611 Haerebat.
319 1555 378 1627 Qui
394 1554 441 1623 sit,
457 1554 523 1624 fari,
540 1572 599 1628 quo
615 1555 763 1628 sanguiue
778 1559 887 1624 cretus,

110 1634 280 1691 Hortamur
292 1654 298 1707 ;
322 1652 398 1708 quae
413 1634 521 1691 deinde
538 1633 634 1707 agitet
648 1634 770 1691 fortuna
784 1633 879 1691 fateri.

109 1714 181 1788 Ipse
195 1719 282 1788 pater
296 1714 434 1770 dextram
448 1713 608 1784 Anchises,
622 1713 703 1770 haud
717 1713 814 1770 multa
827 1717 974 1783 moratus,
996 1712 1053 1773 010

110 1792 174 1850 Dat
191 1793 306 1867 juveni,
323 1798 413 1866 atquc
429 1793 562 1849 animum
577 1794 728 1866 praesenti
741 1792 866 1868 pignore
880 1791 988 1849 firmat.

109 1873 166 1929 Ille
181 1873 264 1941 haec,
281 1873 418 1946 deposita
432 1872 554 1929 tandem
569 1872 736 1942 formidine,
751 1872 847 1930 fatur:

110 1951 214 2010 “Sum
228 1951 326 2026 patria
340 1969 377 2007 cx
390 1951 506 2022 Ithaca,
524 1969 624 2008 comcs
639 1952 766 2009 infelicis
781 1951 874 2021 Ulixi,

110 2030 240 2088 Nomine
256 2030 485 2101 Achemenides,
503 2031 632 2105 Trojam,
648 2032 784 2105 genitore
799 2031 975 2088 Adamasto

111 2110 256 2184 Pauperc,
273 2111 508 2185 (mansissetque
523 2112 639 2167 utinam
650 2112 772 2168 fortuna
782 2109 804 2183 l)
819 2110 982 2186 profectus.
996 2110 1052 2169 615

111 2189 171 2247 Hic
186 2208 243 2260 me,
261 2190 333 2246 dum
348 2191 458 2264 trepidi
477 2191 610 2247 crudelia
624 2191 729 2247 limina
744 2191 894 2264 linquunt,

109 2271 307 2327 Immemores
324 2270 397 2326 socii
412 2275 503 2326 vasto
521 2270 663 2345 Cyclopis
678 2270 709 2326 in
725 2275 810 2326 antro

110 2349 286 2407 Deseruere.
328 2349 446 2406 Domus
462 2350 547 2406 sanie
562 2350 749 2424 dapibusque
764 2348 905 2417 cruentis,
950 2354 952 2359 '

110 2428 200 2487 Intus
215 2446 317 2504 opaea,
335 2429 451 2502 ingens.
495 2429 565 2503 Ipse
581 2430 701 2498 arduus,
719 2429 838 2502 altaque
853 2427 957 2503 pulsat

111 2508 225 2578 Sidera,
243 2508 295 2584 (di,
311 2509 402 2565 talem
416 2510 505 2565 terris
521 2510 649 2565 avertite
663 2514 780 2583 pestem
790 2507 813 2582 l)
996 2508 1054 2565 000

112 2588 177 2646 Nec
192 2589 261 2643 visu
275 2587 372 2644 facilis
387 2606 440 2644 nec
456 2589 539 2645 dictu
555 2588 682 2645 affabilis
697 2588 758 2645 ulli.
1046 2592 1052 2603 '

112 2667 290 2724 Visceribus
304 2668 482 2724 miscrorum
498 2673 528 2724 et
544 2669 689 2742 sanguine
704 2668 837 2724 vescitur
851 2671 923 2725 atra.

112 2746 185 2803 Vidi
200 2751 328 2820 egomet,
344 2747 404 2803 duo
419 2747 456 2803 de
470 2764 595 2804 numero
611 2765 704 2821 quum
719 2764 844 2820 corpora
858 2751 964 2803 nostro

113 2827 229 2884 Prcnsa
243 2844 335 2882 manu
350 2845 463 2900 magna
475 2827 574 2883 medio
590 2827 750 2900 resupinus
765 2828 796 2882 in
812 2831 896 2882 antro

113 2906 280 2979 Frangeret
296 2906 333 2961 ad
349 2923 463 2971 saxum,
481 2907 623 2980 sanieque
639 2923 763 2980 aspersa
776 2909 916 2961 natarent
999 2904 1054 2963 625

114 2985 253 3058 Limiua3
275 2985 347 3054 vidi,
365 2991 429 3041 atro
445 3003 537 3059 quum
553 2986 689 3042 membra
703 2985 826 3041 fluentia
840 2984 911 3040 tabo

116 3065 286 3133 Mauderet,
303 3071 334 3121 et
348 3065 440 3139 tepidi
457 3070 620 3141 tremerent
635 3066 690 3121 sub
705 3065 845 3121 dentibus
861 3068 953 3120 artus.
1063 3092 1066 3101 ·

115 3144 208 3201 Haud
223 3144 344 3217 impune
360 3144 481 3217 quidem
494 3163 500 3215 ;
522 3161 576 3199 nce
590 3144 664 3200 talia
678 3161 788 3218 passus
803 3142 919 3212 Ulixes,

116 3223 277 3280 Oblitusve
293 3224 340 3278 sui
355 3227 403 3279 est
418 3222 545 3279 Ithacus
562 3223 733 3279 discrimine
748 3228 841 3280 tanto.

114 3303 144 3359 N
148 3321 195 3358 am
211 3302 309 3369 simul,
326 3301 463 3374 expletus
479 3301 609 3375 dapibus
624 3301 755 3376 vinoque
770 3302 916 3376 sepultus,
1001 3304 1056 3360 630

102 3379 264 3436 Cervicem
280 3379 424 3438 inflexam
441 3381 557 3458 posuit,
570 3380 725 3456 jacuitque
737 3396 790 3455 per
805 3387 924 3437 antrum
