2204 3676
346 188 503 238 vaaernr
527 186 666 235 arrnrs
691 185 743 234 rr.
971 167 1012 233 80

72 318 182 399 Litora
196 338 339 398 litoribus
353 339 512 409 contraria,
528 336 669 395 fluetibus
683 337 781 394 undas

71 418 236 494 Imprecor,
254 435 338 475 arma
352 418 463 491 armis3
484 422 622 492 pugnent
636 416 753 492 ipsique
769 419 954 489 nepotesque
965 411 972 471 l
982 415 999 446 ’'

115 576 201 634 Haec
217 576 268 646 ait,
284 580 315 633 et
329 581 430 651 partes
446 576 579 632 animum
594 576 736 632 versabat
750 575 782 631 in
797 591 910 644 omncs,
954 575 1011 630 630

73 655 211 713 Invisum
226 672 374 730 quaerens
388 672 479 730 quam
494 654 624 729 primum
640 654 815 728 abrumpere
831 652 935 711 lucem.

73 734 153 791 Tum
169 736 300 792 breviter
313 734 431 791 Barcen
446 733 592 790 nutricem
608 733 698 790 affata
714 732 860 807 Sychaei:

74 813 213 889 Namque
230 831 316 871 suam
326 814 425 889 patria
439 813 564 888 antiqua
578 813 654 870 cinis
670 820 733 869 ater
747 812 895 870 habebat:

75 897 93 922 “
104 893 237 964 Annam,
253 893 412 951 caremihi
427 893 537 961 nutrix,
555 891 613 949 huc
629 892 704 948 siste
719 909 867 964 sorerem3

74 971 141 1042 Dic,
158 990 265 1046 corpus
278 979 417 1048 properet
432 971 545 1029 fluviali
562 988 702 1047 spargere
717 971 850 1046 lympha,
954 971 1010 1028 635

74 1050 117 1108 Ε6
129 1052 259 1127 pecudes
274 1069 375 1109 secum
390 1059 421 1109 et
436 1057 605 1109 monstrata
619 1052 738 1126 piacula
753 1052 850 1108 ducat.

76 1130 126 1189 Sic
140 1132 242 1188 veniat
256 1153 263 1205 ;
283 1137 376 1206 tuque
391 1134 458 1208 ipsa
472 1132 523 1206 pia
538 1136 607 1205 tege
621 1137 758 1206 tempora
772 1132 857 1188 vitta

76 1210 169 1268 Sacra
183 1212 203 1269 J
206 1212 255 1268 ovi
272 1210 389 1287 Stygio,
406 1229 481 1288 quoe
496 1212 552 1268 rite
567 1212 685 1286 incepta
699 1211 811 1284 paravi,

76 1290 220 1348 Perficere
235 1297 282 1348 cst
297 1293 424 1361 animus,
440 1291 587 1366 finemque
601 1291 753 1365 imponere
769 1290 857 1357 curis,

75 1369 280 1444 Dardaniique
296 1388 402 1445 rogum
418 1371 523 1445 capitis
539 1371 711 1445 permittere
727 1369 894 1426 flamruae.'’
952 1369 1009 1424 640

77 1449 127 1508 Sic
142 1451 204 1523 ait3
225 1450 277 1506 illa
291 1451 419 1524 gradum
435 1451 536 1507 studio
551 1450 700 1506 celerabat
715 1451 833 1506 anilem.

76 1530 120 1586 At
133 1529 259 1604 trepida,
275 1536 306 1587 et
319 1530 434 1604 coeptis
449 1530 634 1587 immanibus
648 1529 737 1585 effera
752 1529 839 1597 Dido,

78 1608 283 1683 Sanguineam
298 1610 425 1666 volvens
440 1609 542 1678 aciem,
558 1610 743 1684 maculisque
757 1611 921 1665 trementes

76 1687 229 1746 Interfusa
243 1707 346 1762 genas,
361 1695 392 1745 et
405 1689 518 1764 pallida
533 1695 628 1745 morte
643 1689 751 1756 futura,

76 1767 226 1825 Interiora
239 1769 345 1825 domus
360 1769 498 1843 irrumpit
513 1768 624 1836 limina,
641 1774 671 1825 et
686 1768 764 1824 altos
953 1765 1009 1822 645

78 1846 261 1905 Conscendit
274 1847 439 1905 furibunda·
450 1865 548 1922 rogos,
564 1865 724 1921 ensemque
739 1845 867 1903 recludit

76 1927 272 1996 Dardanium,
289 1945 349 1984 non
364 1927 419 1984 hos
434 1928 603 2003 quaesitum
620 1944 728 1983 murms
743 1927 771 1982 in
789 1943 869 1982 usus.

78 2005 145 2076 Hic,
161 2012 322 2082 postquam
337 2006 447 2063 Iliacas
462 2013 564 2063 vestes
579 2011 741 2080 notumque
757 2005 851 2062 cubile

78 2085 252 2160 Conspexit,
266 2086 390 2160 paulum
405 2085 536 2142 lacrimis
551 2090 581 2141 et
595 2091 694 2141 mente
710 2090 834 2154 morata,

76 2164 276 2240 Incubuitque
291 2172 365 2234 tore,
382 2165 516 2240 dixitque
533 2165 697 2221 novissima
713 2164 821 2221 verba:
955 2163 1011 2220 650

77 2249 94 2275 “
108 2244 219 2302 Dulces
233 2244 368 2313 exuviae,
385 2245 455 2301 dum
471 2246 535 2301 iata
549 2245 680 2318 deusque
696 2243 821 2311 sinebat,

76 2324 215 2400 Accipite
230 2324 307 2381 hanc
322 2324 461 2392 animam,
478 2342 584 2397 meque
599 2323 646 2381 his
660 2323 806 2380 exsolvite
822 2320 908 2378 curis.

76 2403 160 2474 Vixi,
175 2410 215 2474 et,
232 2421 319 2479 quem
335 2404 460 2460 dederat
474 2420 595 2460 cursum
611 2403 754 2470 Fortuna,
769 2400 882 2476 peregi,

76 2483 119 2540 Et
133 2501 211 2541 nunc
226 2500 338 2556 magna
353 2482 411 2539 mei
427 2483 483 2539 sub
497 2488 594 2539 terras
608 2482 663 2539 ibit
677 2483 785 2555 imago.

76 2563 192 2620 Urbem
205 2562 389 2638 praeclaram
405 2563 507 2631 statui,
523 2579 590 2618 mea
605 2561 723 2618 moenia
738 2559 820 2632 vidi3
954 2559 1011 2616 655

77 2643 153 2700 Ulta
167 2642 273 2713 virum,
288 2658 400 2715 poenas
414 2641 536 2698 inimico
552 2659 570 2697 a
584 2641 673 2698 fratre
687 2640 800 2716 recepit

77 2722 171 2792 Felix,
187 2721 245 2779 heu
259 2721 386 2778 nimium
402 2721 480 2790 felix,
498 2722 522 2777 si
538 2721 626 2777 litera
637 2726 759 2805 tantum

76 2801 250 2876 Numquam
265 2799 438 2858 Dardaniae
453 2800 628 2875 tetigissent
643 2806 747 2858 nostra
762 2799 879 2856 carinae
889 2795 896 2856 l
906 2798 922 2829 ’'

76 2880 173 2950 Dixit,
187 2886 226 2949 et,
242 2897 276 2938 os
290 2881 438 2955 impressa
452 2886 527 2950 toro,
544 2885 560 2910 “
571 2880 737 2938 Moriemur
751 2880 883 2949 inultae;

78 2959 138 3019 Sed
152 2960 315 3019 moriamur
327 2958 333 3018 1
345 2962 361 2993 ’³
373 2961 434 3020 ait:
452 2964 467 2991 “
478 2960 529 3029 sic,
543 2961 585 3017 sic
595 2962 684 3034 juvat
694 2960 736 3017 ire
749 2959 803 3014 sub
813 2957 943 3014 umbras.
956 2959 1012 3015 660

80 3039 209 3097 Hauriat
223 3038 302 3096 hunc
317 3039 411 3097 oeulis
426 3040 528 3114 ignem
542 3040 671 3097 crudelis
686 3040 723 3095 ab
739 3038 800 3094 alto

76 3118 247 3188 Dardanus
262 3125 294 3176 et
308 3125 429 3176 nostrae
445 3136 546 3175 secum
560 3119 636 3176 ferat
651 3118 752 3176 omina
766 3115 900 3172 mortio.”

76 3197 222 3271 Dixerat3
244 3205 334 3273 atque
348 3197 432 3255 illam
446 3198 544 3255 media
558 3198 636 3255 inter
650 3197 723 3254 talia
737 3196 814 3253 ferre

78 3276 253 3354 Oollapsam
268 3277 418 3351 aspiciunt
432 3277 568 3347 comitae,
583 3293 744 3351 ensemque
760 3291 863 3333 eruore

77 3354 286 3433 Spumantem,
301 3371 482 3431 sparsasque
497 3372 614 3415 uranus.
656 3354 690 3416 It
703 3354 817 3416 clamor
831 3352 876 3414 ab
886 3349 1023 3413 diasat

71 3434 159 3492 Ata-ia
167 3453 180 3504 ,⁶
198 3447 370 3492 wnenssam
394 3435 563 3499 bacchatnr
578 3437 682 3501 Fama
694 3455 752 3522 per
766 3437 903 3511 urbemi
