<?xml version="1.0" encoding="UTF-8"?>
<!DOCTYPE html PUBLIC "-//W3C//DTD XHTML 1.0 Transitional//EN"
    "http://www.w3.org/TR/xhtml1/DTD/xhtml1-transitional.dtd">
<html xmlns="http://www.w3.org/1999/xhtml" xml:lang="en" lang="en">
 <head>
  <title>
</title>
<meta http-equiv="Content-Type" content="text/html;charset=utf-8" />
  <meta name='ocr-system' content='tesseract 3.04.00' />
  <meta name='ocr-capabilities' content='ocr_page ocr_carea ocr_par ocr_line ocrx_word'/>
</head>
<body>
  <div class='ocr_page' id='page_1' title='image "./sixbooksneidvir00virggoog_0055.png"; bbox 0 0 2204 3676; ppageno 0'>
   <div class='ocr_carea' id='block_1_1' title="bbox 93 182 754 250">
    <p class='ocr_par' dir='ltr' id='par_1_1' title="bbox 93 182 754 250">
     <span class='ocr_line' id='line_1_1' title="bbox 93 182 754 250; baseline -0.002 -2"><span class='ocrx_word' id='word_1_1' title='bbox 93 182 139 248; x_wconf 87' lang='grc'>46</span> <span class='ocrx_word' id='word_1_2' title='bbox 369 198 690 250; x_wconf 72' lang='grc'><strong>1100111100013</strong></span> <span class='ocrx_word' id='word_1_3' title='bbox 715 196 754 247; x_wconf 87' lang='grc'>11.</span> 
     </span>
    </p>
   </div>
   <div class='ocr_carea' id='block_1_2' title="bbox 50 348 1039 3456">
    <p class='ocr_par' dir='ltr' id='par_1_2' title="bbox 50 348 1033 506">
     <span class='ocr_line' id='line_1_2' title="bbox 96 348 1033 426; baseline -0.001 -18"><span class='ocrx_word' id='word_1_4' title='bbox 96 348 286 409; x_wconf 84' lang='lat' dir='ltr'>Exstinxisse</span> <span class='ocrx_word' id='word_1_5' title='bbox 302 352 386 408; x_wconf 88' lang='lat' dir='ltr'>nefas</span> <span class='ocrx_word' id='word_1_6' title='bbox 400 357 504 408; x_wconf 89' lang='lat' dir='ltr'>tamen</span> <span class='ocrx_word' id='word_1_7' title='bbox 518 356 548 407; x_wconf 93' lang='lat' dir='ltr'>et</span> <span class='ocrx_word' id='word_1_8' title='bbox 563 352 727 426; x_wconf 81' lang='lat' dir='ltr'>sumpsisse</span> <span class='ocrx_word' id='word_1_9' title='bbox 743 350 887 408; x_wconf 88' lang='lat' dir='ltr'>merentis</span> <span class='ocrx_word' id='word_1_10' title='bbox 973 349 1033 408; x_wconf 80' lang='grc'>085</span> 
     </span>
     <span class='ocr_line' id='line_1_3' title="bbox 50 429 887 506; baseline -0.007 -14"><span class='ocrx_word' id='word_1_11' title='bbox 50 488 51 492; x_wconf 75' lang='grc'>,</span> <span class='ocrx_word' id='word_1_12' title='bbox 96 429 258 488; x_wconf 89' lang='lat' dir='ltr'>Laudabor</span> <span class='ocrx_word' id='word_1_13' title='bbox 272 449 394 505; x_wconf 77' lang='lat' dir='ltr'>poenas</span> <span class='ocrx_word' id='word_1_14' title='bbox 412 432 604 506; x_wconf 90' lang='lat' dir='ltr'>animumque</span> <span class='ocrx_word' id='word_1_15' title='bbox 619 432 756 506; x_wconf 80' lang='lat' dir='ltr'>explesse</span> <span class='ocrx_word' id='word_1_16' title='bbox 766 431 887 503; x_wconf 90' lang='lat' dir='ltr'>juvabit</span> 
     </span>
    </p>

    <p class='ocr_par' dir='ltr' id='par_1_3' title="bbox 96 509 877 581">
     <span class='ocr_line' id='line_1_4' title="bbox 96 509 877 581; baseline -0.001 -15"><span class='ocrx_word' id='word_1_17' title='bbox 96 509 219 566; x_wconf 90' lang='lat' dir='ltr'>Ultricis</span> <span class='ocrx_word' id='word_1_18' title='bbox 235 510 381 581; x_wconf 89' lang='lat' dir='ltr'>flammae,</span> <span class='ocrx_word' id='word_1_19' title='bbox 397 517 428 566; x_wconf 94' lang='lat' dir='ltr'>et</span> <span class='ocrx_word' id='word_1_20' title='bbox 443 512 555 567; x_wconf 89' lang='lat' dir='ltr'>cineres</span> <span class='ocrx_word' id='word_1_21' title='bbox 570 512 699 567; x_wconf 81' lang='lat' dir='ltr'>satiasse</span> <span class='ocrx_word' id='word_1_22' title='bbox 713 510 877 567; x_wconf 78' lang='lat' dir='ltr'>meorum.&#39;’</span> 
     </span>
    </p>

    <p class='ocr_par' dir='ltr' id='par_1_4' title="bbox 96 588 796 665">
     <span class='ocr_line' id='line_1_5' title="bbox 96 588 796 665; baseline -0.001 -19"><span class='ocrx_word' id='word_1_23' title='bbox 96 588 183 646; x_wconf 89' lang='lat' dir='ltr'>Talia</span> <span class='ocrx_word' id='word_1_24' title='bbox 192 591 354 663; x_wconf 81' lang='lat' dir='ltr'>jactabam,</span> <span class='ocrx_word' id='word_1_25' title='bbox 371 596 402 646; x_wconf 90' lang='lat' dir='ltr'>et</span> <span class='ocrx_word' id='word_1_26' title='bbox 415 591 528 646; x_wconf 83' lang='lat' dir='ltr'>furiata</span> <span class='ocrx_word' id='word_1_27' title='bbox 543 599 642 646; x_wconf 89' lang='lat' dir='ltr'>mente</span> <span class='ocrx_word' id='word_1_28' title='bbox 656 589 796 665; x_wconf 66' lang='lat' dir='ltr'>ferebar]</span> 
     </span>
    </p>

    <p class='ocr_par' dir='ltr' id='par_1_5' title="bbox 95 667 1033 1063">
     <span class='ocr_line' id='line_1_6' title="bbox 96 667 962 742; baseline 0 -18"><span class='ocrx_word' id='word_1_29' title='bbox 96 669 196 742; x_wconf 77' lang='lat' dir='ltr'>Quum</span> <span class='ocrx_word' id='word_1_30' title='bbox 211 669 287 725; x_wconf 93' lang='lat' dir='ltr'>mihi</span> <span class='ocrx_word' id='word_1_31' title='bbox 302 686 342 737; x_wconf 90' lang='lat' dir='ltr'>se,</span> <span class='ocrx_word' id='word_1_32' title='bbox 360 687 418 725; x_wconf 92' lang='lat' dir='ltr'>non</span> <span class='ocrx_word' id='word_1_33' title='bbox 434 679 503 726; x_wconf 90' lang='lat' dir='ltr'>ante</span> <span class='ocrx_word' id='word_1_34' title='bbox 514 671 680 726; x_wconf 85' lang='lat' dir='ltr'>oculistam</span> <span class='ocrx_word' id='word_1_35' title='bbox 692 669 782 737; x_wconf 89' lang='lat' dir='ltr'>clara,</span> <span class='ocrx_word' id='word_1_36' title='bbox 799 667 962 726; x_wconf 88' lang='lat' dir='ltr'>videndam</span> 
     </span>
     <span class='ocr_line' id='line_1_7' title="bbox 96 747 1033 827; baseline 0 -22"><span class='ocrx_word' id='word_1_37' title='bbox 96 748 215 805; x_wconf 85' lang='lat' dir='ltr'>Obtulit</span> <span class='ocrx_word' id='word_1_38' title='bbox 229 756 260 804; x_wconf 92' lang='lat' dir='ltr'>et</span> <span class='ocrx_word' id='word_1_39' title='bbox 273 765 350 822; x_wconf 89' lang='lat' dir='ltr'>pura</span> <span class='ocrx_word' id='word_1_40' title='bbox 361 766 413 823; x_wconf 88' lang='lat' dir='ltr'>per</span> <span class='ocrx_word' id='word_1_41' title='bbox 427 756 546 805; x_wconf 90' lang='lat' dir='ltr'>noctem</span> <span class='ocrx_word' id='word_1_42' title='bbox 562 750 593 805; x_wconf 93' lang='lat' dir='ltr'>in</span> <span class='ocrx_word' id='word_1_43' title='bbox 608 749 672 805; x_wconf 91' lang='lat' dir='ltr'>luce</span> <span class='ocrx_word' id='word_1_44' title='bbox 686 749 805 805; x_wconf 73' lang='lat' dir='ltr'>refulsit</span> <span class='ocrx_word' id='word_1_45' title='bbox 976 747 1033 827; x_wconf 86' lang='grc'>500</span> 
     </span>
     <span class='ocr_line' id='line_1_8' title="bbox 95 826 865 903; baseline -0.001 -18"><span class='ocrx_word' id='word_1_46' title='bbox 95 828 188 885; x_wconf 88' lang='lat' dir='ltr'>Alma</span> <span class='ocrx_word' id='word_1_47' title='bbox 203 845 318 902; x_wconf 89' lang='lat' dir='ltr'>parens,</span> <span class='ocrx_word' id='word_1_48' title='bbox 335 828 472 884; x_wconf 85' lang='lat' dir='ltr'>confessa</span> <span class='ocrx_word' id='word_1_49' title='bbox 487 829 582 897; x_wconf 87' lang='lat' dir='ltr'>deam,</span> <span class='ocrx_word' id='word_1_50' title='bbox 599 829 755 903; x_wconf 89' lang='lat' dir='ltr'>qualisque</span> <span class='ocrx_word' id='word_1_51' title='bbox 770 826 865 885; x_wconf 89' lang='lat' dir='ltr'>videri</span> 
     </span>
     <span class='ocr_line' id='line_1_9' title="bbox 97 906 903 983; baseline -0.002 -18"><span class='ocrx_word' id='word_1_52' title='bbox 97 906 255 965; x_wconf 80' lang='lat' dir='ltr'>Caelicolis</span> <span class='ocrx_word' id='word_1_53' title='bbox 269 916 299 964; x_wconf 90' lang='lat' dir='ltr'>et</span> <span class='ocrx_word' id='word_1_54' title='bbox 314 916 429 982; x_wconf 89' lang='lat' dir='ltr'>quanta</span> <span class='ocrx_word' id='word_1_55' title='bbox 444 909 528 976; x_wconf 88' lang='lat' dir='ltr'>solet,</span> <span class='ocrx_word' id='word_1_56' title='bbox 544 909 707 983; x_wconf 83' lang='lat' dir='ltr'>dextraque</span> <span class='ocrx_word' id='word_1_57' title='bbox 722 907 903 982; x_wconf 87' lang='lat' dir='ltr'>prehensum</span> 
     </span>
     <span class='ocr_line' id='line_1_10' title="bbox 97 987 862 1063; baseline -0.001 -18"><span class='ocrx_word' id='word_1_58' title='bbox 97 987 264 1055; x_wconf 84' lang='lat' dir='ltr'>Continuit‚</span> <span class='ocrx_word' id='word_1_59' title='bbox 279 1004 423 1062; x_wconf 84' lang='lat' dir='ltr'>roseoque</span> <span class='ocrx_word' id='word_1_60' title='bbox 439 988 513 1044; x_wconf 88' lang='lat' dir='ltr'>haec</span> <span class='ocrx_word' id='word_1_61' title='bbox 528 989 649 1063; x_wconf 90' lang='lat' dir='ltr'>insuper</span> <span class='ocrx_word' id='word_1_62' title='bbox 664 988 781 1045; x_wconf 85' lang='lat' dir='ltr'>addidit</span> <span class='ocrx_word' id='word_1_63' title='bbox 795 1004 862 1044; x_wconf 91' lang='lat' dir='ltr'>ore:</span> 
     </span>
    </p>

    <p class='ocr_par' dir='ltr' id='par_1_6' title="bbox 97 1063 915 1142">
     <span class='ocr_line' id='line_1_11' title="bbox 97 1063 915 1142; baseline 0 -19"><span class='ocrx_word' id='word_1_64' title='bbox 97 1072 112 1096; x_wconf 88' lang='lat'>“</span> <span class='ocrx_word' id='word_1_65' title='bbox 123 1067 211 1135; x_wconf 80' lang='lat' dir='ltr'>Nate,</span> <span class='ocrx_word' id='word_1_66' title='bbox 228 1068 294 1142; x_wconf 90' lang='lat' dir='ltr'>quis</span> <span class='ocrx_word' id='word_1_67' title='bbox 309 1068 473 1124; x_wconf 88' lang='lat' dir='ltr'>indomitas</span> <span class='ocrx_word' id='word_1_68' title='bbox 488 1075 591 1124; x_wconf 88' lang='lat' dir='ltr'>tantus</span> <span class='ocrx_word' id='word_1_69' title='bbox 606 1068 690 1124; x_wconf 87' lang='lat' dir='ltr'>dolor</span> <span class='ocrx_word' id='word_1_70' title='bbox 704 1068 817 1124; x_wconf 66' lang='lat' dir='ltr'>erzeitat</span> <span class='ocrx_word' id='word_1_71' title='bbox 831 1063 915 1123; x_wconf 73' lang='lat' dir='ltr'>iras?</span> 
     </span>
    </p>

    <p class='ocr_par' dir='ltr' id='par_1_7' title="bbox 96 1142 1032 1536">
     <span class='ocr_line' id='line_1_12' title="bbox 97 1142 1032 1221; baseline -0.002 -18"><span class='ocrx_word' id='word_1_72' title='bbox 97 1147 177 1220; x_wconf 79' lang='lat' dir='ltr'>Quid</span> <span class='ocrx_word' id='word_1_73' title='bbox 192 1146 290 1204; x_wconf 84' lang='lat' dir='ltr'>furis?</span> <span class='ocrx_word' id='word_1_74' title='bbox 313 1151 365 1203; x_wconf 85' lang='lat' dir='ltr'>au&#39;t</span> <span class='ocrx_word' id='word_1_75' title='bbox 380 1165 510 1221; x_wconf 90' lang='lat' dir='ltr'>quonam</span> <span class='ocrx_word' id='word_1_76' title='bbox 528 1148 623 1204; x_wconf 89' lang='lat' dir='ltr'>nostri</span> <span class='ocrx_word' id='word_1_77' title='bbox 638 1148 694 1204; x_wconf 92' lang='lat' dir='ltr'>tibi</span> <span class='ocrx_word' id='word_1_78' title='bbox 709 1165 780 1204; x_wconf 91' lang='lat' dir='ltr'>cura</span> <span class='ocrx_word' id='word_1_79' title='bbox 795 1142 942 1202; x_wconf 78' lang='lat' dir='ltr'>recessit?</span> <span class='ocrx_word' id='word_1_80' title='bbox 974 1145 1032 1202; x_wconf 90' lang='grc'>595</span> 
     </span>
     <span class='ocr_line' id='line_1_13' title="bbox 97 1227 894 1302; baseline -0.004 -18"><span class='ocrx_word' id='word_1_81' title='bbox 97 1227 167 1284; x_wconf 89' lang='lat' dir='ltr'>Noa</span> <span class='ocrx_word' id='word_1_82' title='bbox 181 1228 263 1302; x_wconf 90' lang='lat' dir='ltr'>prius</span> <span class='ocrx_word' id='word_1_83' title='bbox 279 1227 415 1301; x_wconf 88' lang='lat' dir='ltr'>aspicies,</span> <span class='ocrx_word' id='word_1_84' title='bbox 431 1228 481 1283; x_wconf 92' lang='lat' dir='ltr'>ubi</span> <span class='ocrx_word' id='word_1_85' title='bbox 496 1228 610 1284; x_wconf 88' lang='lat' dir='ltr'>fessum</span> <span class='ocrx_word' id='word_1_86' title='bbox 626 1234 724 1284; x_wconf 90' lang='lat' dir='ltr'>aetate</span> <span class='ocrx_word' id='word_1_87' title='bbox 739 1233 894 1302; x_wconf 88' lang='lat' dir='ltr'>parentem</span> 
     </span>
     <span class='ocr_line' id='line_1_14' title="bbox 97 1306 856 1381; baseline -0.003 -17"><span class='ocrx_word' id='word_1_88' title='bbox 97 1306 236 1381; x_wconf 87' lang='lat' dir='ltr'>Liqueris</span> <span class='ocrx_word' id='word_1_89' title='bbox 251 1307 415 1373; x_wconf 85' lang='lat' dir='ltr'>Anchisen,</span> <span class='ocrx_word' id='word_1_90' title='bbox 429 1315 548 1381; x_wconf 89' lang='lat' dir='ltr'>superet</span> <span class='ocrx_word' id='word_1_91' title='bbox 563 1309 727 1380; x_wconf 79' lang='lat' dir='ltr'>conjunxne</span> <span class='ocrx_word' id='word_1_92' title='bbox 745 1307 856 1363; x_wconf 82' lang='lat' dir='ltr'>Oreiisa</span> 
     </span>
     <span class='ocr_line' id='line_1_15' title="bbox 96 1385 904 1461; baseline 0 -19"><span class='ocrx_word' id='word_1_93' title='bbox 96 1387 306 1461; x_wconf 84' lang='lat' dir='ltr'>Ascaniusque</span> <span class='ocrx_word' id='word_1_94' title='bbox 321 1385 416 1461; x_wconf 86' lang='lat' dir='ltr'>puer?</span> <span class='ocrx_word' id='word_1_95' title='bbox 438 1405 513 1461; x_wconf 89' lang='lat' dir='ltr'>quos</span> <span class='ocrx_word' id='word_1_96' title='bbox 528 1405 632 1443; x_wconf 90' lang='lat' dir='ltr'>omnes</span> <span class='ocrx_word' id='word_1_97' title='bbox 648 1388 778 1461; x_wconf 90' lang='lat' dir='ltr'>undique</span> <span class='ocrx_word' id='word_1_98' title='bbox 794 1387 904 1444; x_wconf 80' lang='lat' dir='ltr'>Graiae</span> 
     </span>
     <span class='ocr_line' id='line_1_16' title="bbox 97 1466 853 1536; baseline -0.003 -13"><span class='ocrx_word' id='word_1_99' title='bbox 97 1466 219 1524; x_wconf 83' lang='lat' dir='ltr'>Circum</span> <span class='ocrx_word' id='word_1_100' title='bbox 234 1474 335 1523; x_wconf 85' lang='lat' dir='ltr'>errant</span> <span class='ocrx_word' id='word_1_101' title='bbox 350 1466 438 1535; x_wconf 90' lang='lat' dir='ltr'>acies,</span> <span class='ocrx_word' id='word_1_102' title='bbox 454 1472 493 1535; x_wconf 90' lang='lat' dir='ltr'>et,</span> <span class='ocrx_word' id='word_1_103' title='bbox 510 1467 541 1522; x_wconf 94' lang='lat' dir='ltr'>ni</span> <span class='ocrx_word' id='word_1_104' title='bbox 557 1485 623 1522; x_wconf 89' lang='lat' dir='ltr'>mea</span> <span class='ocrx_word' id='word_1_105' title='bbox 638 1484 709 1522; x_wconf 91' lang='lat' dir='ltr'>cura</span> <span class='ocrx_word' id='word_1_106' title='bbox 723 1467 853 1536; x_wconf 76' lang='lat' dir='ltr'>resistat,</span> 
     </span>
    </p>

    <p class='ocr_par' dir='ltr' id='par_1_8' title="bbox 96 1544 1034 1702">
     <span class='ocr_line' id='line_1_17' title="bbox 96 1544 1034 1603; baseline -0.001 -1"><span class='ocrx_word' id='word_1_107' title='bbox 96 1546 169 1603; x_wconf 85' lang='lat' dir='ltr'>Jam</span> <span class='ocrx_word' id='word_1_108' title='bbox 184 1547 321 1603; x_wconf 86' lang='lat' dir='ltr'>flammae</span> <span class='ocrx_word' id='word_1_109' title='bbox 336 1547 461 1603; x_wconf 92' lang='lat' dir='ltr'>tulerint</span> <span class='ocrx_word' id='word_1_110' title='bbox 476 1547 614 1603; x_wconf 88' lang='lat' dir='ltr'>inimicus</span> <span class='ocrx_word' id='word_1_111' title='bbox 628 1556 659 1602; x_wconf 91' lang='lat' dir='ltr'>et</span> <span class='ocrx_word' id='word_1_112' title='bbox 674 1547 809 1602; x_wconf 88' lang='lat' dir='ltr'>hauserit</span> <span class='ocrx_word' id='word_1_113' title='bbox 823 1545 913 1602; x_wconf 78' lang='lat' dir='ltr'>ensis</span> <span class='ocrx_word' id='word_1_114' title='bbox 976 1544 1034 1601; x_wconf 95' lang='grc'>600</span> 
     </span>
     <span class='ocr_line' id='line_1_18' title="bbox 97 1626 827 1702; baseline -0.001 -19"><span class='ocrx_word' id='word_1_115' title='bbox 97 1626 167 1683; x_wconf 89' lang='lat' dir='ltr'>Non</span> <span class='ocrx_word' id='word_1_116' title='bbox 182 1628 237 1682; x_wconf 89' lang='lat' dir='ltr'>tibi</span> <span class='ocrx_word' id='word_1_117' title='bbox 253 1627 435 1702; x_wconf 75' lang='lat' dir='ltr'>Tyndaridis</span> <span class='ocrx_word' id='word_1_118' title='bbox 451 1627 543 1683; x_wconf 86' lang='lat' dir='ltr'>facies</span> <span class='ocrx_word' id='word_1_119' title='bbox 558 1627 657 1682; x_wconf 90' lang='lat' dir='ltr'>invisa</span> <span class='ocrx_word' id='word_1_120' title='bbox 672 1626 827 1683; x_wconf 89' lang='lat' dir='ltr'>Lacaenae</span> 
     </span>
    </p>

    <p class='ocr_par' dir='ltr' id='par_1_9' title="bbox 99 1705 874 1781">
     <span class='ocr_line' id='line_1_19' title="bbox 99 1705 874 1781; baseline -0.005 -17"><span class='ocrx_word' id='word_1_121' title='bbox 99 1705 284 1781; x_wconf 80' lang='lat' dir='ltr'>Culpatusve</span> <span class='ocrx_word' id='word_1_122' title='bbox 301 1707 405 1779; x_wconf 83' lang='lat' dir='ltr'>Paris3</span> <span class='ocrx_word' id='word_1_123' title='bbox 428 1706 529 1762; x_wconf 81' lang='lat' dir='ltr'>divinn</span> <span class='ocrx_word' id='word_1_124' title='bbox 546 1707 746 1775; x_wconf 86' lang='lat' dir='ltr'>inclementia,</span> <span class='ocrx_word' id='word_1_125' title='bbox 762 1705 874 1775; x_wconf 73' lang='lat' dir='ltr'>(liviam,</span> 
     </span>
    </p>

    <p class='ocr_par' dir='ltr' id='par_1_10' title="bbox 98 1785 877 1860">
     <span class='ocr_line' id='line_1_20' title="bbox 98 1785 877 1860; baseline -0.001 -18"><span class='ocrx_word' id='word_1_126' title='bbox 98 1786 165 1842; x_wconf 92' lang='lat' dir='ltr'>Has</span> <span class='ocrx_word' id='word_1_127' title='bbox 180 1787 289 1843; x_wconf 90' lang='lat' dir='ltr'>evertit</span> <span class='ocrx_word' id='word_1_128' title='bbox 304 1803 376 1859; x_wconf 87' lang='lat' dir='ltr'>opes</span> <span class='ocrx_word' id='word_1_129' title='bbox 391 1787 556 1860; x_wconf 84' lang='lat' dir='ltr'>sternitque</span> <span class='ocrx_word' id='word_1_130' title='bbox 572 1804 589 1841; x_wconf 89' lang='lat' dir='ltr'>a</span> <span class='ocrx_word' id='word_1_131' title='bbox 604 1787 732 1842; x_wconf 91' lang='lat' dir='ltr'>culmine</span> <span class='ocrx_word' id='word_1_132' title='bbox 748 1785 877 1858; x_wconf 85' lang='lat' dir='ltr'>Trojam.</span> 
     </span>
    </p>

    <p class='ocr_par' dir='ltr' id='par_1_11' title="bbox 97 1861 1036 2100">
     <span class='ocr_line' id='line_1_21' title="bbox 97 1861 965 1942; baseline -0.005 -19"><span class='ocrx_word' id='word_1_133' title='bbox 97 1866 218 1941; x_wconf 85' lang='lat' dir='ltr'>Aspice,</span> <span class='ocrx_word' id='word_1_134' title='bbox 236 1866 380 1942; x_wconf 89' lang='lat' dir='ltr'>(namque</span> <span class='ocrx_word' id='word_1_135' title='bbox 396 1883 523 1933; x_wconf 90' lang='lat' dir='ltr'>omnem,</span> <span class='ocrx_word' id='word_1_136' title='bbox 540 1883 615 1939; x_wconf 90' lang='lat' dir='ltr'>quae</span> <span class='ocrx_word' id='word_1_137' title='bbox 631 1883 708 1921; x_wconf 93' lang='lat' dir='ltr'>nunc</span> <span class='ocrx_word' id='word_1_138' title='bbox 724 1865 853 1921; x_wconf 87' lang='lat' dir='ltr'>obducta</span> <span class='ocrx_word' id='word_1_139' title='bbox 867 1861 965 1920; x_wconf 87' lang='lat' dir='ltr'>tuenti</span> 
     </span>
     <span class='ocr_line' id='line_1_22' title="bbox 98 1941 1036 2002; baseline -0.004 0"><span class='ocrx_word' id='word_1_140' title='bbox 98 1945 244 2002; x_wconf 84' lang='lat' dir='ltr'>Mortales</span> <span class='ocrx_word' id='word_1_141' title='bbox 260 1946 383 2002; x_wconf 90' lang='lat' dir='ltr'>hebetat</span> <span class='ocrx_word' id='word_1_142' title='bbox 399 1946 481 2001; x_wconf 90' lang='lat' dir='ltr'>visus</span> <span class='ocrx_word' id='word_1_143' title='bbox 497 1946 553 2001; x_wconf 87' lang='lat' dir='ltr'>tibi</span> <span class='ocrx_word' id='word_1_144' title='bbox 564 1952 597 2001; x_wconf 89' lang='lat' dir='ltr'>et</span> <span class='ocrx_word' id='word_1_145' title='bbox 613 1945 735 2001; x_wconf 89' lang='lat' dir='ltr'>humida</span> <span class='ocrx_word' id='word_1_146' title='bbox 749 1945 858 2000; x_wconf 91' lang='lat' dir='ltr'>circum</span> <span class='ocrx_word' id='word_1_147' title='bbox 977 1941 1036 1999; x_wconf 91' lang='grc'>605</span> 
     </span>
     <span class='ocr_line' id='line_1_23' title="bbox 99 2024 844 2100; baseline -0.005 -17"><span class='ocrx_word' id='word_1_148' title='bbox 99 2025 229 2100; x_wconf 81' lang='lat' dir='ltr'>Caligat,</span> <span class='ocrx_word' id='word_1_149' title='bbox 246 2026 354 2081; x_wconf 86' lang='lat' dir='ltr'>nubem</span> <span class='ocrx_word' id='word_1_150' title='bbox 368 2025 493 2098; x_wconf 76' lang='lat' dir='ltr'>eripiant</span> <span class='ocrx_word' id='word_1_151' title='bbox 509 2045 515 2097; x_wconf 81' lang='lat'>3</span> <span class='ocrx_word' id='word_1_152' title='bbox 538 2031 571 2082; x_wconf 93' lang='lat' dir='ltr'>tu</span> <span class='ocrx_word' id='word_1_153' title='bbox 586 2043 622 2080; x_wconf 88' lang='lat' dir='ltr'>ne</span> <span class='ocrx_word' id='word_1_154' title='bbox 638 2043 696 2098; x_wconf 91' lang='lat' dir='ltr'>qua</span> <span class='ocrx_word' id='word_1_155' title='bbox 711 2024 844 2097; x_wconf 87' lang='lat' dir='ltr'>parentis</span> 
     </span>
    </p>

    <p class='ocr_par' dir='ltr' id='par_1_12' title="bbox 98 2103 809 2181">
     <span class='ocr_line' id='line_1_24' title="bbox 98 2103 809 2181; baseline -0.003 -18"><span class='ocrx_word' id='word_1_156' title='bbox 98 2105 118 2163; x_wconf 86' lang='lat' dir='ltr'>J</span> <span class='ocrx_word' id='word_1_157' title='bbox 122 2123 192 2162; x_wconf 91' lang='lat' dir='ltr'>ussa</span> <span class='ocrx_word' id='word_1_158' title='bbox 206 2106 286 2172; x_wconf 88' lang='lat' dir='ltr'>time,</span> <span class='ocrx_word' id='word_1_159' title='bbox 303 2123 359 2160; x_wconf 91' lang='lat' dir='ltr'>neu</span> <span class='ocrx_word' id='word_1_160' title='bbox 374 2105 540 2179; x_wconf 86' lang='lat' dir='ltr'>praeceptis</span> <span class='ocrx_word' id='word_1_161' title='bbox 555 2122 656 2178; x_wconf 88' lang='lat' dir='ltr'>parere</span> <span class='ocrx_word' id='word_1_162' title='bbox 671 2121 776 2160; x_wconf 89' lang='lat' dir='ltr'>recusa</span> <span class='ocrx_word' id='word_1_163' title='bbox 786 2103 809 2181; x_wconf 87' lang='lat' dir='ltr'>l)</span> 
     </span>
    </p>

    <p class='ocr_par' dir='ltr' id='par_1_13' title="bbox 99 2184 772 2258">
     <span class='ocr_line' id='line_1_25' title="bbox 99 2184 772 2258; baseline -0.004 -16"><span class='ocrx_word' id='word_1_164' title='bbox 99 2185 166 2254; x_wconf 90' lang='lat' dir='ltr'>Hic,</span> <span class='ocrx_word' id='word_1_165' title='bbox 183 2186 233 2241; x_wconf 87' lang='lat' dir='ltr'>uhi</span> <span class='ocrx_word' id='word_1_166' title='bbox 248 2185 388 2258; x_wconf 83' lang='lat' dir='ltr'>disjectas</span> <span class='ocrx_word' id='word_1_167' title='bbox 403 2185 497 2240; x_wconf 88' lang='lat' dir='ltr'>moles</span> <span class='ocrx_word' id='word_1_168' title='bbox 513 2184 676 2258; x_wconf 87' lang='lat' dir='ltr'>avulsaque</span> <span class='ocrx_word' id='word_1_169' title='bbox 692 2184 772 2240; x_wconf 81' lang='lat' dir='ltr'>saxis</span> 
     </span>
    </p>

    <p class='ocr_par' dir='ltr' id='par_1_14' title="bbox 98 2262 1037 2498">
     <span class='ocr_line' id='line_1_26' title="bbox 100 2262 914 2339; baseline -0.005 -17"><span class='ocrx_word' id='word_1_170' title='bbox 100 2264 180 2322; x_wconf 82' lang='lat' dir='ltr'>Saxa</span> <span class='ocrx_word' id='word_1_171' title='bbox 196 2266 288 2332; x_wconf 89' lang='lat' dir='ltr'>vidcs,</span> <span class='ocrx_word' id='word_1_172' title='bbox 305 2265 457 2339; x_wconf 83' lang='lat' dir='ltr'>mixtoque</span> <span class='ocrx_word' id='word_1_173' title='bbox 473 2265 636 2320; x_wconf 90' lang='lat' dir='ltr'>undantem</span> <span class='ocrx_word' id='word_1_174' title='bbox 652 2262 775 2336; x_wconf 87' lang='lat' dir='ltr'>pulvere</span> <span class='ocrx_word' id='word_1_175' title='bbox 789 2264 914 2330; x_wconf 86' lang='lat' dir='ltr'>fumum,</span> 
     </span>
     <span class='ocr_line' id='line_1_27' title="bbox 98 2342 1037 2419; baseline -0.003 -18"><span class='ocrx_word' id='word_1_176' title='bbox 98 2345 260 2419; x_wconf 84' lang='lat' dir='ltr'>Neptunus</span> <span class='ocrx_word' id='word_1_177' title='bbox 276 2361 376 2401; x_wconf 90' lang='lat' dir='ltr'>muros</span> <span class='ocrx_word' id='word_1_178' title='bbox 391 2361 561 2418; x_wconf 84' lang='lat' dir='ltr'>magnoque</span> <span class='ocrx_word' id='word_1_179' title='bbox 576 2351 677 2399; x_wconf 87' lang='lat' dir='ltr'>emota</span> <span class='ocrx_word' id='word_1_180' title='bbox 691 2343 814 2399; x_wconf 83' lang='lat' dir='ltr'>tridenti</span> <span class='ocrx_word' id='word_1_181' title='bbox 978 2342 1037 2398; x_wconf 93' lang='grc'>610</span> 
     </span>
     <span class='ocr_line' id='line_1_28' title="bbox 99 2422 892 2498; baseline -0.005 -17"><span class='ocrx_word' id='word_1_182' title='bbox 99 2425 311 2482; x_wconf 84' lang='lat' dir='ltr'>Fundamenta</span> <span class='ocrx_word' id='word_1_183' title='bbox 326 2424 432 2498; x_wconf 90' lang='lat' dir='ltr'>quatit,</span> <span class='ocrx_word' id='word_1_184' title='bbox 448 2430 601 2497; x_wconf 89' lang='lat' dir='ltr'>totamque</span> <span class='ocrx_word' id='word_1_185' title='bbox 618 2441 635 2478; x_wconf 91' lang='lat' dir='ltr'>a</span> <span class='ocrx_word' id='word_1_186' title='bbox 651 2423 772 2478; x_wconf 86' lang='lat' dir='ltr'>sedibus</span> <span class='ocrx_word' id='word_1_187' title='bbox 787 2422 892 2478; x_wconf 89' lang='lat' dir='ltr'>urbem</span> 
     </span>
    </p>

    <p class='ocr_par' dir='ltr' id='par_1_15' title="bbox 99 2503 814 2577">
     <span class='ocr_line' id='line_1_29' title="bbox 99 2503 814 2577; baseline -0.006 -15"><span class='ocrx_word' id='word_1_188' title='bbox 99 2504 206 2577; x_wconf 82' lang='lat' dir='ltr'>Eruit3</span> <span class='ocrx_word' id='word_1_189' title='bbox 229 2504 277 2560; x_wconf 93' lang='lat' dir='ltr'>hic</span> <span class='ocrx_word' id='word_1_190' title='bbox 291 2504 373 2561; x_wconf 86' lang='lat' dir='ltr'>June</span> <span class='ocrx_word' id='word_1_191' title='bbox 391 2503 502 2560; x_wconf 85' lang='lat' dir='ltr'>Scaeas</span> <span class='ocrx_word' id='word_1_192' title='bbox 517 2503 696 2559; x_wconf 87' lang='lat' dir='ltr'>saevissima</span> <span class='ocrx_word' id='word_1_193' title='bbox 711 2509 814 2575; x_wconf 88' lang='lat' dir='ltr'>portas</span> 
     </span>
    </p>

    <p class='ocr_par' dir='ltr' id='par_1_16' title="bbox 99 2582 911 2657">
     <span class='ocr_line' id='line_1_30' title="bbox 99 2582 911 2657; baseline -0.002 -16"><span class='ocrx_word' id='word_1_194' title='bbox 99 2584 201 2641; x_wconf 90' lang='lat' dir='ltr'>Prima</span> <span class='ocrx_word' id='word_1_195' title='bbox 216 2590 306 2653; x_wconf 88' lang='lat' dir='ltr'>tonet,</span> <span class='ocrx_word' id='word_1_196' title='bbox 322 2584 495 2657; x_wconf 87' lang='lat' dir='ltr'>sociumque</span> <span class='ocrx_word' id='word_1_197' title='bbox 511 2583 612 2639; x_wconf 84' lang='lat' dir='ltr'>furens</span> <span class='ocrx_word' id='word_1_198' title='bbox 628 2582 787 2638; x_wconf 86' lang='lat' dir='ltr'>anavibus</span> <span class='ocrx_word' id='word_1_199' title='bbox 802 2598 911 2656; x_wconf 85' lang='lat' dir='ltr'>agmen</span> 
     </span>
    </p>

    <p class='ocr_par' dir='ltr' id='par_1_17' title="bbox 99 2664 449 2721">
     <span class='ocr_line' id='line_1_31' title="bbox 99 2664 449 2721; baseline -0.003 0"><span class='ocrx_word' id='word_1_200' title='bbox 99 2665 191 2721; x_wconf 84' lang='lat' dir='ltr'>Ferro</span> <span class='ocrx_word' id='word_1_201' title='bbox 207 2664 339 2720; x_wconf 87' lang='lat' dir='ltr'>accincta</span> <span class='ocrx_word' id='word_1_202' title='bbox 354 2669 449 2720; x_wconf 89' lang='lat' dir='ltr'>vocat.</span> 
     </span>
    </p>

    <p class='ocr_par' dir='ltr' id='par_1_18' title="bbox 98 2742 1038 2896">
     <span class='ocr_line' id='line_1_32' title="bbox 98 2742 1038 2816; baseline -0.003 -14"><span class='ocrx_word' id='word_1_203' title='bbox 98 2745 119 2802; x_wconf 88' lang='lat' dir='ltr'><strong>J</strong></span> <span class='ocrx_word' id='word_1_204' title='bbox 122 2763 168 2800; x_wconf 89' lang='lat' dir='ltr'>am</span> <span class='ocrx_word' id='word_1_205' title='bbox 184 2761 317 2799; x_wconf 89' lang='lat' dir='ltr'>summas</span> <span class='ocrx_word' id='word_1_206' title='bbox 333 2761 416 2800; x_wconf 86' lang='lat' dir='ltr'>arcos</span> <span class='ocrx_word' id='word_1_207' title='bbox 432 2743 576 2811; x_wconf 75' lang='lat' dir='ltr'>Tritonia,</span> <span class='ocrx_word' id='word_1_208' title='bbox 593 2742 717 2816; x_wconf 88' lang='lat' dir='ltr'>respice,</span> <span class='ocrx_word' id='word_1_209' title='bbox 735 2743 837 2799; x_wconf 89' lang='lat' dir='ltr'>Pallas</span> <span class='ocrx_word' id='word_1_210' title='bbox 980 2743 1038 2799; x_wconf 84' lang='lat'>615</span> 
     </span>
     <span class='ocr_line' id='line_1_33' title="bbox 98 2822 820 2896; baseline -0.001 -16"><span class='ocrx_word' id='word_1_211' title='bbox 98 2823 224 2890; x_wconf 89' lang='lat' dir='ltr'>Insedit,</span> <span class='ocrx_word' id='word_1_212' title='bbox 241 2823 333 2879; x_wconf 85' lang='lat' dir='ltr'>linrho</span> <span class='ocrx_word' id='word_1_213' title='bbox 348 2823 494 2896; x_wconf 81' lang='lat' dir='ltr'>effulgens</span> <span class='ocrx_word' id='word_1_214' title='bbox 508 2831 539 2879; x_wconf 90' lang='lat' dir='ltr'>ct</span> <span class='ocrx_word' id='word_1_215' title='bbox 554 2822 694 2896; x_wconf 81' lang='lat' dir='ltr'>Gorgone</span> <span class='ocrx_word' id='word_1_216' title='bbox 709 2840 820 2894; x_wconf 71' lang='lat' dir='ltr'>saeva,</span> 
     </span>
    </p>

    <p class='ocr_par' dir='ltr' id='par_1_19' title="bbox 98 2902 856 2978">
     <span class='ocr_line' id='line_1_34' title="bbox 98 2902 856 2978; baseline -0.003 -18"><span class='ocrx_word' id='word_1_217' title='bbox 98 2904 168 2978; x_wconf 88' lang='lat' dir='ltr'>Ipse</span> <span class='ocrx_word' id='word_1_218' title='bbox 186 2904 276 2958; x_wconf 90' lang='lat' dir='ltr'>Pater</span> <span class='ocrx_word' id='word_1_219' title='bbox 292 2903 408 2958; x_wconf 86' lang='lat' dir='ltr'>Danais</span> <span class='ocrx_word' id='word_1_220' title='bbox 423 2903 539 2958; x_wconf 88' lang='lat' dir='ltr'>animos</span> <span class='ocrx_word' id='word_1_221' title='bbox 555 2902 693 2976; x_wconf 89' lang='lat' dir='ltr'>viresque</span> <span class='ocrx_word' id='word_1_222' title='bbox 708 2903 856 2958; x_wconf 86' lang='lat' dir='ltr'>secundas</span> 
     </span>
    </p>

    <p class='ocr_par' dir='ltr' id='par_1_20' title="bbox 101 2982 845 3056">
     <span class='ocr_line' id='line_1_35' title="bbox 101 2982 845 3056; baseline 0.003 -16"><span class='ocrx_word' id='word_1_223' title='bbox 101 2983 223 3049; x_wconf 82' lang='lat' dir='ltr'>Sufficit,</span> <span class='ocrx_word' id='word_1_224' title='bbox 241 2983 304 3056; x_wconf 87' lang='lat' dir='ltr'>ipsc</span> <span class='ocrx_word' id='word_1_225' title='bbox 320 2983 392 3038; x_wconf 89' lang='lat' dir='ltr'>deos</span> <span class='ocrx_word' id='word_1_226' title='bbox 407 2983 440 3038; x_wconf 90' lang='lat' dir='ltr'>in</span> <span class='ocrx_word' id='word_1_227' title='bbox 455 2982 597 3038; x_wconf 88' lang='lat' dir='ltr'>Dardana</span> <span class='ocrx_word' id='word_1_228' title='bbox 612 2983 740 3038; x_wconf 87' lang='lat' dir='ltr'>suscitat</span> <span class='ocrx_word' id='word_1_229' title='bbox 755 3000 845 3042; x_wconf 87' lang='lat' dir='ltr'>arma.</span> 
     </span>
    </p>

    <p class='ocr_par' dir='ltr' id='par_1_21' title="bbox 99 3061 838 3136">
     <span class='ocr_line' id='line_1_36' title="bbox 99 3061 838 3136; baseline -0.003 -17"><span class='ocrx_word' id='word_1_230' title='bbox 99 3063 197 3136; x_wconf 88' lang='lat' dir='ltr'>Eripe,</span> <span class='ocrx_word' id='word_1_231' title='bbox 214 3072 292 3129; x_wconf 88' lang='lat' dir='ltr'>nate,</span> <span class='ocrx_word' id='word_1_232' title='bbox 309 3061 421 3134; x_wconf 68' lang='lat' dir='ltr'>fugam,</span> <span class='ocrx_word' id='word_1_233' title='bbox 439 3061 585 3134; x_wconf 88' lang='lat' dir='ltr'>finemque</span> <span class='ocrx_word' id='word_1_234' title='bbox 602 3061 719 3135; x_wconf 89' lang='lat' dir='ltr'>impone</span> <span class='ocrx_word' id='word_1_235' title='bbox 735 3061 838 3118; x_wconf 88' lang='lat' dir='ltr'>labori.</span> 
     </span>
    </p>

    <p class='ocr_par' dir='ltr' id='par_1_22' title="bbox 99 3141 1039 3294">
     <span class='ocr_line' id='line_1_37' title="bbox 99 3141 1039 3215; baseline 0.004 -19"><span class='ocrx_word' id='word_1_236' title='bbox 99 3141 257 3215; x_wconf 81' lang='lat' dir='ltr'>Nusquam</span> <span class='ocrx_word' id='word_1_237' title='bbox 273 3143 371 3209; x_wconf 90' lang='lat' dir='ltr'>abero,</span> <span class='ocrx_word' id='word_1_238' title='bbox 387 3148 418 3197; x_wconf 92' lang='lat' dir='ltr'>et</span> <span class='ocrx_word' id='word_1_239' title='bbox 431 3147 532 3196; x_wconf 88' lang='lat' dir='ltr'>tutum</span> <span class='ocrx_word' id='word_1_240' title='bbox 547 3141 644 3215; x_wconf 90' lang='lat' dir='ltr'>patrio</span> <span class='ocrx_word' id='word_1_241' title='bbox 659 3147 689 3196; x_wconf 88' lang='lat' dir='ltr'>te</span> <span class='ocrx_word' id='word_1_242' title='bbox 705 3141 807 3196; x_wconf 89' lang='lat' dir='ltr'>limine</span> <span class='ocrx_word' id='word_1_243' title='bbox 823 3141 959 3197; x_wconf 84' lang='lat' dir='ltr'>sistam.’&#39;</span> <span class='ocrx_word' id='word_1_244' title='bbox 981 3143 1039 3200; x_wconf 75' lang='grc'>620</span> 
     </span>
     <span class='ocr_line' id='line_1_38' title="bbox 99 3220 860 3294; baseline -0.005 -15"><span class='ocrx_word' id='word_1_245' title='bbox 99 3221 234 3288; x_wconf 82' lang='lat' dir='ltr'>Dixerat,</span> <span class='ocrx_word' id='word_1_246' title='bbox 251 3226 282 3276; x_wconf 94' lang='lat' dir='ltr'>et</span> <span class='ocrx_word' id='word_1_247' title='bbox 297 3221 402 3294; x_wconf 86' lang='lat' dir='ltr'>spissis</span> <span class='ocrx_word' id='word_1_248' title='bbox 416 3221 514 3276; x_wconf 90' lang='lat' dir='ltr'>noctis</span> <span class='ocrx_word' id='word_1_249' title='bbox 530 3237 561 3276; x_wconf 94' lang='lat' dir='ltr'>se</span> <span class='ocrx_word' id='word_1_250' title='bbox 576 3220 711 3276; x_wconf 92' lang='lat' dir='ltr'>condidit</span> <span class='ocrx_word' id='word_1_251' title='bbox 726 3220 840 3276; x_wconf 87' lang='lat' dir='ltr'>umbris</span> <span class='ocrx_word' id='word_1_252' title='bbox 853 3240 860 3293; x_wconf 80' lang='lat'><em>3</em></span> 
     </span>
    </p>

    <p class='ocr_par' dir='ltr' id='par_1_23' title="bbox 82 3299 785 3456">
     <span class='ocr_line' id='line_1_39' title="bbox 99 3299 785 3374; baseline -0.001 -18"><span class='ocrx_word' id='word_1_253' title='bbox 99 3301 257 3374; x_wconf 89' lang='lat' dir='ltr'>Apparent</span> <span class='ocrx_word' id='word_1_254' title='bbox 272 3300 353 3356; x_wconf 87' lang='lat' dir='ltr'>dirae</span> <span class='ocrx_word' id='word_1_255' title='bbox 369 3300 468 3368; x_wconf 89' lang='lat' dir='ltr'>facies,</span> <span class='ocrx_word' id='word_1_256' title='bbox 484 3299 664 3373; x_wconf 86' lang='lat' dir='ltr'>inimicaque</span> <span class='ocrx_word' id='word_1_257' title='bbox 679 3299 785 3373; x_wconf 79' lang='lat' dir='ltr'>Trojae</span> 
     </span>
     <span class='ocr_line' id='line_1_40' title="bbox 82 3376 556 3456; baseline 0.015 -24"><span class='ocrx_word' id='word_1_258' title='bbox 82 3376 358 3456; x_wconf 76' lang='lat' dir='ltr'>Numriramagna</span> <span class='ocrx_word' id='word_1_259' title='bbox 372 3379 472 3440; x_wconf 81' lang='lat' dir='ltr'>deiim.</span> <span class='ocrx_word' id='word_1_260' title='bbox 554 3393 556 3396; x_wconf 74' lang='grc'>’</span> 
     </span>
    </p>
   </div>
   <div class='ocr_carea' id='block_1_3' title="bbox 0 0 1111 3676">
    <p class='ocr_par' dir='ltr' id='par_1_24' title="bbox 0 0 1111 3676">
     <span class='ocr_line' id='line_1_41' title="bbox 0 0 1111 3676; baseline 0 0"><span class='ocrx_word' id='word_1_261' title='bbox 0 0 1111 3676; x_wconf 95' lang='lat' dir='ltr'> </span> 
     </span>
    </p>
   </div>
  </div>
 </body>
</html>
