2204 3676
75 216 95 248 0
357 170 513 221 vuaornr
538 171 676 218 11111111
701 171 752 220 rr.
826 156 835 165 '

73 321 141 380 Non
156 325 279 381 servata
293 321 375 393 fides,
391 321 481 379 cineri
495 322 645 397 promissa
661 320 799 396 Sychaeo
812 320 844 379 1”

73 401 188 459 Tantos
202 401 255 458 1111
270 419 325 458 suo
339 402 498 476 rumpebat
512 407 631 476 pectore
647 407 779 477 questus.

110 559 233 618 Aeneas
248 560 328 616 celsa
341 559 374 615 in
387 559 488 634 puppi,
500 561 564 633 jam
580 565 679 617 certus
694 561 793 631 eundi,

72 638 225 715 Oarpcbat
239 655 370 708 somnos,
386 639 474 694 rebus
484 640 549 712 jam
564 639 621 696 rite
635 641 757 714 paratis.
951 642 1009 699 555

72 718 152 776 Huic
168 737 200 775 se
215 719 312 775 forma
327 718 375 775 dei
389 718 476 774 vultu
489 718 644 776 redeuntis
658 719 761 775 eodem

72 796 190 856 Obtulit
204 798 235 853 111
251 797 372 865 somnis,
387 814 549 872 rursusque
565 798 608 854 111
623 798 691 855 visa
704 816 825 855 monere
841 805 897 869 est,

72 875 183 935 Omnia
198 874 349 933 Mercurio
365 875 481 945 similis,
498 894 662 952 vocemque
678 877 868 952 coloremque

72 955 112 1014 Et
125 956 224 1014 crines
238 955 333 1012 flavos
347 960 378 1011 11
392 956 526 1012 membra
540 957 648 1013 decora
656 958 801 1030 juventa:

72 1035 180 1093 “Nate
196 1035 262 1104 dea,
277 1040 364 1110 potes
380 1033 434 1090 hoc
450 1035 506 1092 snb
521 1053 592 1092 casu
608 1037 714 1093 ducere
729 1054 859 1105 somnos,
950 1038 1009 1094 560

71 1113 141 1186 Nec,
158 1132 235 1190 quae
249 1119 280 1170 te
295 1114 406 1170 circum
421 1120 503 1171 stent
517 1115 623 1172 deinde
638 1116 777 1190 pericula,
794 1116 899 1182 cernis,
1055 1116 1059 1135 ¹

72 1194 214 1264 Demens,
229 1211 283 1250 nec
298 1192 453 1267 Zephyros
468 1194 555 1250 andis
570 1195 683 1268 spirare
699 1191 868 1251 secundos?

72 1273 128 1330 Illa
143 1274 229 1331 dolos
245 1273 402 1345 dirumque
418 1273 503 1330 nefas
517 1273 548 1330 in
563 1279 681 1349 pectore
697 1279 807 1342 versat,

72 1353 164 1412 Certa
177 1353 263 1420 mori,
279 1351 440 1425 variosque
454 1352 566 1408 irarum
581 1353 712 1409 concitat
727 1359 837 1410 aestus.

72 1431 139 1490 Non
149 1432 231 1506 sugis
243 1431 312 1487 hinc
326 1448 479 1505 praeceps,
492 1432 563 1488 dum
574 1431 769 1506 praecipitare
781 1430 936 1504 potestas?
952 1435 1008 1491 565

72 1510 143 1568 Jam
158 1528 241 1567 mare
256 1510 372 1567 turbari
387 1511 523 1567 trabibus
538 1527 704 1585 saevasque
719 1511 837 1567 videbis

74 1591 225 1648 Oollucere
241 1590 330 1660 faces,
342 1591 406 1664 jam
421 1589 536 1647 fervere
552 1590 642 1646 litora
657 1590 793 1659 flammis,

73 1669 103 1727 Si
118 1676 148 1726 te
164 1670 212 1727 his
228 1669 362 1742 attigerit
376 1669 465 1726 terris
482 1669 602 1725 Aurora
617 1674 795 1727 morantem,

74 1749 153 1806 Heia
168 1767 233 1822 age,
248 1765 353 1822 rumpe
368 1765 486 1805 mora-s:
510 1749 624 1805 varium
640 1754 671 1804 11
685 1749 830 1806 mutabile
845 1767 961 1824 semper

73 1827 231 1886 Femina.”
274 1826 324 1884 Sic
339 1827 419 1884 fatus
436 1828 515 1885 nocti
532 1846 563 1884 se
577 1827 741 1884 immiscuit
756 1835 846 1885 atrae.
949 1831 1006 1890 510

111 1986 191 2044 'lum
205 2003 277 2044 vero
293 1985 423 2056 Aeneas,
441 1987 549 2044 subitis
563 1979 724 2044 exterritus
739 1989 863 2056 umbris,

74 2066 235 2141 Corripite
251 2083 356 2124 somno
372 2084 478 2141 corpus
494 2068 649 2142 sociosque
665 2067 791 2141 fatigat:

74 2146 288 2220 “Praecipites
303 2145 438 2219 vigilate,
456 2146 520 2215 viri,
537 2152 567 2202 et
582 2147 726 2203 considite
741 2147 900 2218 transtris3

74 2225 189 2284 Solvite
204 2225 272 2282 vela
287 2223 355 2282 citii
398 2225 481 2282 Deus
497 2226 617 2282 aethere
633 2226 744 2282 missus
761 2227 798 2282 ab
814 2226 875 2282 alto

74 2305 231 2362 Festinare
246 2304 350 2378 fugam
364 2308 518 2379 tortosque
533 2304 662 2361 incidere
677 2305 764 2362 funes
952 2307 1009 2366 515

73 2384 150 2442 Ecce
166 2384 275 2441 iterum
291 2384 433 2440 stimulat.
478 2382 638 2457 Sequimur
651 2390 690 2454 te,
707 2389 810 2441 sancte
826 2384 958 2455 deorum,

73 2463 218 2538 Quisquis
232 2481 273 2532 es,
289 2463 473 2538 imperioque
488 2463 597 2519 iterum
612 2481 751 2536 paremus
767 2468 900 2520 ovantes.

73 2543 171 2603 Adsis
186 2561 203 2600 o
217 2543 411 2619 placidusque
421 2544 519 2616 juves,
536 2547 566 2600 et
581 2543 679 2600 sidera
694 2545 776 2600 caelo

73 2623 192 2680 Dextra
205 2622 313 2679 feras.’'
354 2621 448 2691 Dixit,
465 2621 636 2695 vaginaque
651 2623 741 2698 eripit
755 2640 856 2680 ensem

73 2701 274 2771 Fulmineum,
292 2700 456 2775 strictoque
471 2700 540 2771 ferit
553 2701 717 2758 retinacula
732 2703 815 2759 ferro.
953 2704 1009 2760 580

73 2781 161 2838 Idem
176 2797 279 2838 omnes
294 2779 383 2837 simul
399 2781 488 2836 ardor
502 2780 602 2848 habet,
618 2781 799 2855 rapiuntque
811 2790 964 2853 ruuntque
978 2802 984 2850 ;

73 2861 181 2918 Litora
196 2859 370 2931 deseruere;
391 2859 466 2916 latet
482 2859 537 2916 sub
551 2859 701 2917 classibus
717 2877 844 2934 aequor;

73 2939 191 2997 Annixi
205 2943 347 3014 torquent
362 2956 486 3014 spumas
501 2945 532 2996 et
545 2939 664 2996 caerula
678 2944 809 2996 verrunt.

113 3095 157 3154 ut
165 3097 230 3171 jam
244 3097 342 3173 prima
356 3114 436 3154 novo
452 3097 613 3171 spargebat
627 3097 738 3154 lumine
753 3103 849 3153 terras

72 3174 198 3236 Tithoni
212 3176 349 3234 croceum
363 3177 502 3250 linquens
518 3177 639 3235 Aurora
654 3177 757 3234 cubile.
954 3179 1009 3235 585

72 3255 227 3329 Reginae
241 3255 372 3332 speculis
386 3261 420 3312 ut
433 3255 564 3330 primum
579 3256 728 3313 albescere
743 3255 839 3313 lucem

71 3334 209 3397 virliter
220 3334 360 3411 aequatis
374 3334 501 3392 classem
515 3334 674 3410 procedere
688 3334 772 3405 11111,

71 3412 285 3489 1111111111
298 3424 410 3472 vacuos
424 3413 521 3490 sensit
536 3413 604 3476 sine
619 3414 738 3496 remige
749 3422 874 3498 portus,
