2204 3676
328 193 486 243 ruamur
511 192 649 240 annuis
675 193 727 242 vr.
949 176 1008 237 137

71 347 88 374 “
99 343 293 421 Quis‚·pater,
309 344 367 414 ille,
385 345 482 401 virum
497 345 547 420 qui
563 345 605 401 sic
620 344 783 401 comitatur
796 339 943 399 euntem?

72 421 178 496 Filius,
195 442 272 482 anne
288 424 396 500 aliquis
411 442 524 498 magna
540 425 576 481 de
592 425 686 498 stirpe
703 420 869 498 nepotum?

72 502 131 574 Qui
141 505 285 579 strepitus
295 505 374 562 circa
382 504 526 561 comitum
537 502 544 560 l
555 512 700 579 quantum
713 504 809 559 instar
819 501 850 557 in
861 498 941 576 ipso!
953 503 1009 558 865

73 581 133 639 Sed
147 599 208 639 nox
222 591 289 640 atra
303 591 394 660 caput
407 584 488 640 tristi
503 583 698 640 circumvolat
712 583 848 639 umbra.'’

74 661 152 718 Tum
166 669 253 738 pater
267 664 426 738 Anchises,
442 663 574 720 lacrimis
588 663 744 736 ingressus
760 662 891 720 obortis:

74 740 128 798 “O
145 748 246 816 gnate,
263 743 419 817 ingentem
436 743 550 801 luctum
566 761 602 799 ne
618 759 727 817 quaere
742 748 870 799 tuorum.

74 819 244 879 Ostendent
258 823 346 881 terris
360 823 441 881 hunc
455 829 575 880 tantum
592 824 663 892 lata,
680 839 776 897 nequo
791 822 872 878 ultra

74 901 152 958 Esse
168 903 276 960 sinent.
319 902 455 960 Nimium
471 902 558 960 vobis
574 903 716 959 Romana
730 919 864 977 propago
956 899 1046 958 870<

75 981 154 1038 Visa
168 989 284 1057 potens,
301 983 410 1057 superi,
427 983 548 1058 propria
562 981 636 1039 haec
651 983 675 1037 si
692 983 771 1039 dona
787 981 923 1038 fuissent.

75 1061 215 1134 Quantos
229 1062 279 1119 ille
294 1061 391 1119 virum
407 1080 551 1137 magnam
567 1061 718 1118 Mavortis
734 1062 772 1119 ad
789 1061 893 1117 urbem

76 1141 211 1217 Campus
226 1147 298 1217 aget
311 1141 463 1217 gemitusi
484 1142 532 1199 vel
549 1160 634 1217 quac,
651 1142 800 1209 liberine,
818 1140 934 1197 videbis

75 1221 205 1293 Funera,
220 1241 312 1299 quum
326 1223 476 1280 tumulum
491 1222 711 1298 praeterlabere
726 1218 894 1277 reconteml

75 1301 140 1359 Nec
155 1320 229 1378 puer
243 1303 338 1360 Iliaca
353 1303 512 1378 quisquam
528 1303 565 1359 de
580 1308 670 1376 gente
687 1301 815 1358 Latinos
957 1298 1013 1357 815

75 1381 113 1439 In
128 1388 247 1440 tantum
262 1401 314 1457 spe
329 1383 415 1440 tollet
430 1401 512 1451 avos,
529 1400 582 1438 nec
598 1382 731 1439 Romula
745 1380 896 1456 quondam

76 1461 148 1519 Ullo
164 1479 195 1519 so
210 1468 329 1520 tautum
343 1462 434 1519 tellus
445 1463 572 1536 jactabit
587 1461 714 1519 alumno.

77 1541 149 1598 Heu
164 1542 270 1616 pietas
286 1541 345 1598 heu
359 1542 459 1616 prisca
474 1542 554 1610 fides,
571 1541 742 1616 invictaque
756 1540 834 1597 bello

77 1620 228 1680 Dexteral
250 1639 310 1678 nou
324 1621 367 1678 illi
383 1640 415 1679 sc
431 1622 591 1697 quisquam
605 1622 727 1696 impunc
743 1621 864 1677 tulisset

76 1699 196 1758 Obvius
211 1706 335 1772 armato,
351 1719 404 1758 seu
419 1719 512 1775 quum
526 1702 617 1775 pedes
632 1702 688 1757 iret
702 1702 733 1757 in
748 1700 875 1767 hostem,
958 1700 1015 1756 880

78 1779 139 1838 Seu
154 1780 323 1855 spumantis
338 1781 407 1855 equi
422 1781 538 1838 foderet
552 1781 719 1838 calcaribus
735 1797 841 1836 armos.

77 1859 158 1931 Heu,
173 1861 341 1918 miserando
355 1859 445 1936 pueri
468 1861 493 1916 si
510 1879 569 1935 qua
584 1861 646 1917 fata
662 1877 767 1933 aspera
781 1876 912 1934 rumpas,

78 1940 125 1997 'ru
141 1940 303 1998 Marcellus
317 1941 384 1998 cris.
429 1940 573 1997 Manibus
589 1941 658 1997 dato
673 1940 737 1995 lilia
751 1938 865 2014 plenis;

78 2019 255 2095 Purpureos
266 2038 407 2095 spargam
422 2019 517 2089 flores,
535 2022 725 2094 animamque
741 2019 857 2093 nopotis

78 2099 138 2157 His
152 2100 258 2157 saltem
274 2100 460 2157 accumulem
474 2100 571 2169 donia,
587 2106 618 2156 et
632 2100 741 2172 fungar
756 2098 839 2154 inani
960 2097 1016 2153 885

78 2179 279 2238 Munere.”-
292 2179 341 2238 Sic
355 2185 421 2237 tota
434 2180 549 2255 passim
564 2180 686 2253 regione
702 2184 853 2252 vagantur

78 2260 167 2317 Aeris
180 2260 212 2316 in
227 2260 342 2334 campis
360 2259 440 2328 latis,
457 2266 547 2333 atque
563 2259 665 2316 omnia
678 2259 816 2314 lustrant.

78 2339 162 2411 Quae
176 2346 338 2415 postquam
353 2339 507 2398 Anchises
521 2346 625 2395 natum
640 2355 693 2413 per
708 2337 829 2411 singula
843 2336 937 2403 duxit,
949 2322 991 2423 ψ’

78 2418 275 2494 Incenditque
291 2420 425 2476 animum
440 2419 536 2475 famae
551 2419 700 2475 venientis
715 2434 824 2486 amore,
917 2418 949 2492 q}

79 2497 158 2555 Exin
173 2499 252 2556 bella
265 2499 331 2556 viro
346 2505 501 2567 memorat,
518 2517 595 2571 quac
610 2498 717 2554 deinde
733 2496 873 2571 gerenda,
887 2483 921 2539 δ’
961 2496 1018 2552 890

79 2577 308 2653 Laurentesque
322 2580 410 2636 docet
424 2579 553 2653 populos
568 2579 730 2651 urbemque
746 2576 858 2644 Latini,

79 2658 120 2715 la
135 2676 194 2734 quo
209 2676 357 2735 quemque
372 2659 461 2715 modo
476 2658 633 2732 fugiatque
648 2656 783 2730 feratque
797 2656 938 2712 laborem.

122 2816 201 2876 Sunt
215 2817 352 2893 geminae
370 2817 473 2877 Somni
489 2823 613 2892 portae3
635 2833 763 2892 quarum
779 2815 873 2872 altera
887 2813 981 2869 lcrtur

81 2897 207 2969 Oornca,
224 2916 284 2973 qua
299 2899 378 2957 veris
393 2899 491 2956 facilis
506 2899 595 2955 datur
609 2898 710 2953 exitus
726 2894 867 2965 Umbris3

80 2978 188 3037 Altera
202 2978 343 3036 candenti
358 2979 491 3053 perlecta
506 2978 607 3033 nitens
622 2976 790 3051 elephanto
963 2973 1019 3028 895

81 3057 140 3116 Sed
155 3058 232 3115 falsa
246 3057 285 3115 ad
299 3059 415 3115 caelum
429 3057 557 3113 mittunt
571 3054 722 3112 insomnia
736 3053 850 3110 Manes.
998 3055 999 3058 ’

81 3136 141 3194 His
156 3137 207 3194 ubi
222 3143 287 3194 tum
302 3143 407 3193 natum
423 3135 574 3193 Anchises
589 3151 708 3208 unaque
724 3132 872 3207 Sibyllam

80 3215 281 3292 Prosequitur
295 3216 393 3285 dictis,
409 3221 556 3290 portaque
571 3213 684 3270 emittit
697 3212 832 3286 eburna3

80 3293 136 3352 lllc
152 3295 234 3352 viam
249 3302 333 3353 secat
348 3295 387 3353 ad
402 3311 496 3352 naves
512 3294 670 3367 sociosque
686 3292 800 3363 revisit,

80 3375 160 3435 Tum
174 3392 207 3434 sc
223 3374 261 3433 ad
279 3374 401 3435 Caietae
416 3380 498 3433 recto
513 3373 572 3433 lert
585 3373 677 3432 litore
690 3378 829 3453 portum.
966 3369 1028 3425 aba

68 3451 231 3527 [Auctore
246 3452 284 3512 de
295 3470 390 3530 prora
399 3456 539 3536 jacitur;
562 3464 653 3526 stant
663 3456 763 3520 litore
774 3449 935 3538 puppa&
