2204 3676
22 3600 37 3639 Ι

92 163 137 224 24
379 178 536 224 5555555
562 177 700 223 555555
727 176 750 223 1.

93 325 248 384 Permittit
261 325 383 402 patria?
419 327 562 402 Hospitio
576 326 769 402 prohibemur
783 344 908 399 arenam
977 328 1034 385 540

93 406 179 462 Β5115
194 407 281 477 cient,
296 408 451 482 primaque
466 412 573 464 vetant
587 407 749 463 consistere
764 404 862 463 terrei

94 484 127 542 Si
142 504 238 559 genus
253 485 420 544 humanum
436 491 467 543 et
481 486 623 542 mortalia
638 486 774 542 temnitis
789 503 883 555 arma,

93 565 138 621 At
153 570 271 639 sperate
285 567 359 622 deos
373 583 521 621 memores
537 565 621 622 fandi
637 570 726 639 atque
741 563 871 621 nefandi.

93 643 160 701 Rex
174 649 239 700 erat
254 645 375 701 Aeneas
390 644 486 711 nobis,
502 662 562 719 quo
572 645 684 717 justior
699 645 775 700 alter

92 721 155 780 Nec
169 724 282 798 pietate
297 723 355 780 fuit
368 741 423 781 nec
437 724 516 780 bello
531 725 625 797 major
639 729 670 780 et
685 724 796 781 armis:
977 721 1033 777 545

93 802 190 874 Quem
206 802 232 858 si
247 803 311 859 5555
326 803 426 859 virum
441 807 572 871 servant,
588 804 614 860 si
629 803 760 859 vescitur
775 820 850 859 aura

92 881 238 940 Aetheria
252 899 347 958 neque
363 882 461 939 adhuc
476 883 646 939 crudelibus
662 883 787 939 occubat
802 881 925 952 umbrie,

90 960 120 1020 N
123 979 161 1018 on
175 967 283 1020 metus,
326 961 428 1020 Officio
443 980 498 1020 nec
512 967 543 1019 te
557 967 690 1019 certasse
704 963 832 1037 priorem

91 1039 268 1098 Poenitcat:
291 1047 363 1098 sunt
377 1047 408 1099 55
423 1040 531 1099 Siculis
545 1042 719 1116 regionibus
733 1042 823 1098 urbes

70 1178 72 1181 ,
91 1119 255 1196 Armaque,
272 1120 460 1195 Trojanoque
476 1140 494 1178 5
509 1122 658 1195 sanguine
673 1121 772 1178 clarus
787 1120 926 1178 Acestes.
975 1116 1033 1173 550

92 1200 274 1272 Quassatam
290 1202 389 1257 ventis
403 1201 494 1259 liceat
508 1201 674 1258 subducere
689 1201 826 1270 classem,

91 1279 132 1337 nt
146 1281 232 1338 silvis
248 1286 349 1355 aptare
364 1281 466 1338 trabes
481 1286 512 1338 et
526 1282 672 1355 stringere
686 1298 793 1351 remea,

91 1357 124 1416 Si
138 1360 227 1416 datur
240 1360 378 1429 Italiam,
389 1361 479 1418 sociis
493 1371 524 1417 et
538 1379 609 1434 rege
623 1366 752 1435 recepte,

91 1439 234 1508 Tendere,
251 1445 285 1495 ut
298 1439 424 1497 Italiam
439 1440 511 1497 laeti
526 1439 707 1515 Latiumque
721 1445 861 1514 petamus
874 1459 881 1512 ;

92 1517 145 1579 Sin
161 1519 321 1592 absumpta
337 1519 428 1589 salus,
444 1525 475 1576 et
489 1525 528 1588 te,
543 1525 630 1594 pater
644 1521 754 1595 optime
770 1519 926 1589 Teucrirm,
975 1512 1032 1570 555

90 1598 209 1656 Pontus
224 1598 317 1655 habet
331 1597 458 1673 Libyae,
473 1617 528 1655 nec
543 1616 612 1673 spes
622 1601 687 1673 jam
700 1604 797 1656 restat
811 1599 880 1669 Iuli,

91 1676 135 1734 At
149 1678 225 1741 freta
242 1677 378 1735 Sicaniae
394 1678 503 1734 saltem
519 1679 665 1753 sedesque
678 1684 812 1753 paratae,

94 1755 179 1814 Unde
195 1757 252 1814 buo
268 1757 396 1827 advecti,
412 1775 574 1832 regemque
589 1764 728 1832 petamus
743 1758 908 1816 Acesten.”

90 1836 215 1893 Talibus
230 1836 382 1911 Ilioneus;
404 1837 504 1894 cuncti
519 1837 610 1893 simul
625 1855 675 1895 ore
690 1838 861 1894 fremebant

90 1914 291 1975 Dardanidae.
977 1911 1032 1967 560

130 2075 206 2133 Tum
220 2076 352 2135 breviter
367 2077 457 2149 Dido,
473 2078 593 2137 vultum
609 2079 750 2147 demissa,
765 2078 918 2153 profatur:

90 2154 234 2214 “Solvite
250 2158 337 2215 corde
352 2164 475 2229 metum,
492 2159 607 2229 Teucri,
624 2158 768 2216 secludite
784 2174 881 2214 ouras.

91 2235 155 2293 Res
170 2236 244 2293 dura
259 2241 290 2294 et
304 2238 389 2311 regni
403 2239 524 2296 novitas
539 2256 586 2296 me
601 2239 677 2295 talia
691 2244 805 2312 cogunt

91 2314 201 2385 Moliri,
217 2320 248 2373 et
262 2317 323 2374 late
339 2316 412 2374 fines
426 2318 551 2375 custode
566 2318 652 2375 tueri.

92 2395 166 2467 Quis
181 2413 277 2469 genus
291 2397 480 2468 Aeneadum,
496 2397 564 2471 quis
579 2396 684 2472 Trojae
700 2397 815 2455 nesciat
828 2398 934 2453 urbem
973 2399 1028 2454 565

93 2474 289 2550 Virtutesque
303 2476 452 2551 virosque,
469 2482 523 2534 555
536 2477 615 2533 tanti
629 2478 768 2535 incendia
781 2474 877 2533 belli?

90 2553 161 2611 Non
176 2555 284 2612 obtusa
300 2555 375 2612 adeo
390 2561 547 2630 gestamus
560 2562 684 2630 pectora
700 2557 803 2626 Poeni,

90 2633 155 2691 Nec
170 2639 233 2690 tam
249 2652 373 2691 aversus
388 2652 482 2710 equos
497 2635 592 2710 Tyria
608 2636 659 2693 Sol
671 2637 774 2710 jungit
789 2636 827 2692 ab
842 2637 944 2707 urbe..

93 2711 151 2771 Seu
167 2731 222 2770 vos
237 2713 417 2788 Hesperiam
433 2733 575 2788 magnam
594 2714 792 2790 Saturniaque
808 2733 890 2784 arva,

93 2791 164 2851 Sive
180 2793 288 2867 Erycis
303 2793 377 2850 fines
391 2811 553 2869 regemque
568 2794 683 2868 optatis
697 2794 840 2864 Acesten,
973 2793 1030 2852 510

92 2873 217 2930 Auxilio
232 2878 316 2929 55555
332 2873 494 2944 dimittam,
510 2875 676 2949 opibusque
687 2875 809 2948 juvabo

91 2951 195 3009 Vultis
209 2958 240 3009 et
254 2952 301 3008 his
316 2970 432 3009 mecum
447 2953 560 3028 pariter
574 2955 727 3011 considere
742 2955 861 3027 regnis:

93 3030 206 3087 Urbem
222 3050 310 3106 quarn
326 3037 436 3102 statuo,
453 3038 556 3089 vestra
570 3038 633 3090 est:
656 3033 813 3090 subducite
828 3049 941 3104 naves3

93 3109 169 3166 Tros
184 3109 354 3184 Tyriusque
369 3111 442 3168 mihi
457 3113 540 3168 nullo
556 3113 727 3169 discrimine
743 3118 859 3187 agetur.

96 3189 194 3264 Atque
210 3189 325 3246 utinam
340 3207 392 3246 rex
406 3191 471 3263 ipse
486 3190 568 3248 Noto
583 3193 755 3267 compulsus
769 3193 874 3249 eodem
973 3186 1029 3247 515

95 3267 209 3326 Afferet
224 3266 363 3326 Aeneas!
399 3269 549 3344 Equidem
562 3289 616 3344 per
630 3271 719 3329 litora
734 3278 832 3329 certos

79 3347 247 3403 Drmr'ttam
262 3353 296 3405 ct
309 3347 429 3423 Libyae
444 3350 571 3408 lustrare
586 3356 721 3409 extrema
729 3351 848 3426 jubebo,

61 3416 103 3473 Si
114 3424 229 3493 quibus
245 3429 366 3497 ejectus
381 3430 472 3489 silvis
490 3437 544 3490 aut
559 3432 690 3490 urbibus
703 3433 808 3491 errat.”
