2204 3676
103 204 144 270 62
370 216 525 269 venerer
549 220 690 270 auuurs
713 220 769 271 111.

103 370 173 429 Sela
187 389 310 442 nevum,
326 370 468 446 dictuque
484 370 576 442 nefas
594 370 737 446 Harpyia
753 369 885 431 Celaeno
983 378 1041 435 365

102 451 280 526 Prodigium
296 452 385 520 canit,
401 463 432 508 et
446 452 550 508 tristes
565 452 725 508 denuntiat
739 451 801 509 iras

103 529 329 605 Obscenamque
344 531 470 602 seruent)
487 548 563 605 quac
578 531 674 604 prima
688 531 822 605 pericula
836 531 922 593 vito?

103 610 220 682 Quidve
236 628 365 684 sequens
381 617 483 666 tantos
498 611 613 685 possim
628 627 769 684 superare
783 611 903 669 labores
913 609 952 669 ?’'

102 689 163 747 Hie
178 690 322 759 Helenus,
339 690 436 746 caesis
449 690 579 764 primurn
595 690 631 745 de
646 707 729 746 more
745 691 894 764 juvencis,

101 768 217 827 Exorat
230 787 334 844 pacem
350 769 462 838 divum,
478 770 632 843 vittasque
647 769 774 826 resolvit
983 772 1041 835 370

102 847 218 906 Sacrati
234 849 350 924 capitia,
366 867 473 923 meque
489 849 527 905 ad
541 854 595 905 tua
609 848 723 920 limina,
741 847 871 920 Phoebe,

100 926 172 1002 Ipse
187 947 279 986 manu
292 928 387 985 multo
403 945 584 1002 suspensum
600 929 722 985 numine
736 929 839 1004 ducit;

100 1008 204 1083 Atque
220 1008 293 1065 haee
308 1008 415 1065 deinde
430 1008 512 1065 canit
527 1008 630 1065 divino
645 1026 682 1065 ex
697 1026 746 1065 ore
761 1009 919 1068 sacerdos:

100 1087 156 1144 “N
160 1094 208 1144 ate
225 1089 281 1145 dea
297 1091 383 1164 (nam
397 1093 427 1145 te
442 1088 606 1161 majoribus
621 1087 664 1145 ire
677 1105 731 1162 per
745 1089 840 1147 altum

90 1164 256 1242 'Auspiciis
269 1167 431 1224 manifesta
445 1167 535 1224 fides:
558 1168 601 1225 sic
615 1168 680 1224 fata
694 1166 783 1224 deum
797 1184 851 1226 rex
980 1169 1038 1232 375

101 1245 241 1315 Sortitur,
258 1247 412 1321 volvitque
428 1248 509 1304 vices
523 1268 530 1320 ;
551 1247 577 1303 is
593 1247 721 1304 vertitur
735 1248 832 1323 ordo),

101 1325 204 1383 Pauca
219 1326 273 1382 tibi
287 1344 303 1383 e
318 1326 430 1395 multis,
447 1345 506 1401 quo
521 1327 615 1384 tutior
630 1326 751 1401 hospita
765 1328 877 1385 lustres

101 1405 244 1481 Aequora
259 1412 289 1463 et
304 1406 441 1463 Ausonio
455 1407 554 1482 possis
569 1408 722 1464 considere
736 1413 833 1482 portu,

101 1484 269 1560 Expediam
284 1486 393 1559 dictis;
414 1486 575 1561 prohibent
588 1504 660 1542 nam
675 1492 774 1544 cetera
789 1488 904 1545 Parcae

103 1564 185 1623 Scire
201 1566 353 1623 Helenum
368 1567 484 1641 farique
499 1572 585 1623 vetat
600 1566 743 1623 Saturnia
758 1567 778 1624 J
781 1583 849 1623 uno.
979 1570 1038 1629 380

101 1644 401 1721 Principio-Italiam,
418 1664 510 1721 quam
524 1653 557 1703 tu
574 1648 638 1719 jam
652 1664 715 1702 rere
730 1646 937 1722 propinquam,

101 1723 294 1801 Vicinosque,
311 1727 423 1800 ignare,
438 1743 528 1800 paras
542 1726 684 1782 invadere
699 1732 813 1800 portus,

100 1802 209 1878 Longa
223 1807 326 1878 procul
341 1806 440 1880 longis
456 1806 506 1862 via
521 1806 631 1862 dividit
644 1806 728 1861 invia
741 1805 838 1862 terris,

100 1883 184 1939 Ante
198 1890 229 1940 et
243 1885 398 1942 Trinacria
412 1886 574 1942 lentandus
588 1902 688 1941 remus
702 1885 733 1941 in
748 1886 838 1954 unda,

101 1960 143 2018 Et
159 1964 230 2020 salis
245 1965 376 2021 Ausonii
391 1965 580 2022 lustrandum
595 1965 723 2022 navibus
739 1979 858 2039 aequor,
981 1968 1039 2025 385

101 2040 274 2117 Inseruique
290 2044 373 2101 lacus
389 2044 569 2119 Aeaeaeque
583 2045 682 2101 insula
698 2044 813 2116 Circae,

102 2121 200 2193 Quam
215 2130 281 2180 tuta
294 2126 393 2198 possis
408 2125 511 2181 urbem
528 2141 704 2199 componere
719 2129 807 2181 terra.

102 2198 196 2274 Signa
211 2204 267 2259 tibi
282 2204 396 2262 dicam:
417 2209 452 2261 tu
468 2204 590 2260 condita
604 2209 703 2260 mente
719 2208 837 2261 tenete:

102 2281 203 2353 Quum
216 2283 272 2339 tibi
287 2284 416 2341 sollicito
432 2285 539 2341 secreti
555 2283 592 2340 ad
608 2283 740 2339 fluminis
755 2284 867 2341 undam

101 2358 234 2419 Litoreis
249 2364 356 2437 ingens
371 2364 495 2420 inventa
510 2363 566 2419 sub
580 2363 698 2419 ilicibus
713 2380 775 2435 sus,
977 2365 1037 2424 390

100 2439 240 2515 Triginta
255 2444 388 2516 capitum
404 2442 484 2499 fetus
498 2443 595 2512 enixa,
608 2443 730 2516 jacebit,

101 2520 189 2590 Alba,
206 2523 269 2579 solo
284 2524 439 2591 recubans
456 2523 516 2578 albi
531 2523 641 2579 circuni
656 2523 749 2579 ubera
762 2522 837 2592 nati,

99 2598 132 2657 Is
147 2601 230 2658 locus
245 2602 329 2658 urbis
344 2603 408 2672 erit,
424 2603 544 2676 requies
559 2621 595 2658 ea
609 2608 691 2659 certa
706 2603 851 2660 laborum.

99 2678 128 2737 N
130 2699 162 2738 ee
176 2686 210 2737 tu
225 2699 397 2738 mensarum
413 2700 531 2739 morsus
547 2682 684 2739 horresce
700 2683 833 2739 futuros:

12 2792 14 2797 >
99 2759 177 2818 Fata
191 2762 273 2817 viem
288 2761 450 2829 invenient,
468 2763 622 2835 aderitque
638 2769 764 2818 vocatus
780 2761 899 2836 Apollo.
978 2763 1039 2822 395

99 2840 167 2898 Has
183 2848 284 2898 autem
300 2848 404 2911 terras,
422 2841 551 2915 Italique
568 2841 644 2898 hanc
659 2842 756 2898 litoris
772 2859 863 2909 oram,

99 2920 241 2978 Proxima
255 2938 330 2996 quae
346 2922 441 2978 nostri
455 2922 645 2994 perfunditur
660 2921 797 2995 aequoris
813 2925 907 2990 aestu,

99 2999 222 3074 Effuge:
245 3007 353 3058 cuncta
368 3000 455 3056 malis
471 3000 646 3057 habitantur
661 3001 781 3056 moenia
797 2999 907 3057 Graiis,

100 3078 159 3135 llic
173 3086 204 3135 ct
218 3080 342 3153 Narycii
356 3086 522 3155 posueruut
537 3080 656 3136 moenia
672 3080 770 3149 Locri,
882 3081 884 3085 ’

100 3158 140 3215 lu
155 3158 338 3216 Sallentinos
354 3160 470 3216 obsedit
485 3159 580 3215 milite
596 3176 719 3232 earupes
979 3161 1041 3220 400

98 3236 227 3311 Lyctius
241 3238 442 3311 Idomeneus;
464 3238 513 3295 hie
528 3238 580 3294 illa
595 3238 679 3294 ducis
695 3237 837 3295 Meliboei

95 3316 200 3373 Parva
215 3317 402 3374 Philoctetae
418 3317 548 3374 subnixa
563 3317 682 3374 Petelia
696 3335 791 3374 muro.

81 3393 170 3465 Qash,
190 3397 246 3456 uhi
259 3398 464 3459 transmissae
479 3397 622 3458 steterint
634 3402 723 3456 trans
736 3412 867 3470 aequora
877 3395 1003 3466 elasam„
