<?xml version="1.0" encoding="UTF-8"?>
<!DOCTYPE html PUBLIC "-//W3C//DTD XHTML 1.0 Transitional//EN"
    "http://www.w3.org/TR/xhtml1/DTD/xhtml1-transitional.dtd">
<html xmlns="http://www.w3.org/1999/xhtml" xml:lang="en" lang="en">
 <head>
  <title>
</title>
<meta http-equiv="Content-Type" content="text/html;charset=utf-8" />
  <meta name='ocr-system' content='tesseract 3.04.00' />
  <meta name='ocr-capabilities' content='ocr_page ocr_carea ocr_par ocr_line ocrx_word'/>
</head>
<body>
  <div class='ocr_page' id='page_1' title='image "./sixbooksneidvir00virggoog_0065.png"; bbox 0 0 2204 3676; ppageno 0'>
   <div class='ocr_carea' id='block_1_1' title="bbox 71 149 744 216">
    <p class='ocr_par' dir='ltr' id='par_1_1' title="bbox 71 149 744 216">
     <span class='ocr_line' id='line_1_1' title="bbox 71 149 744 216; baseline -0.001 0"><span class='ocrx_word' id='word_1_1' title='bbox 71 149 115 216; x_wconf 78' lang='lat' dir='ltr'>bd</span> <span class='ocrx_word' id='word_1_2' title='bbox 340 167 498 216; x_wconf 76' lang='lat' dir='ltr'>vnaorru</span> <span class='ocrx_word' id='word_1_3' title='bbox 523 166 663 214; x_wconf 73' lang='lat' dir='ltr'>annuis</span> <span class='ocrx_word' id='word_1_4' title='bbox 686 167 744 216; x_wconf 90' lang='lat'>111.</span> 
     </span>
    </p>
   </div>
   <div class='ocr_carea' id='block_1_2' title="bbox 70 315 1050 1185">
    <p class='ocr_par' dir='ltr' id='par_1_2' title="bbox 72 315 813 392">
     <span class='ocr_line' id='line_1_2' title="bbox 72 315 813 392; baseline 0 -17"><span class='ocrx_word' id='word_1_5' title='bbox 72 315 240 375; x_wconf 83' lang='lat' dir='ltr'>Gonnubiis</span> <span class='ocrx_word' id='word_1_6' title='bbox 255 317 396 392; x_wconf 75' lang='lat' dir='ltr'><strong>arvisque</strong></span> <span class='ocrx_word' id='word_1_7' title='bbox 410 317 498 374; x_wconf 85' lang='lat' dir='ltr'>novis</span> <span class='ocrx_word' id='word_1_8' title='bbox 514 322 638 390; x_wconf 85' lang='lat' dir='ltr'>operata</span> <span class='ocrx_word' id='word_1_9' title='bbox 648 319 793 392; x_wconf 77' lang='lat' dir='ltr'>Juventus</span> <span class='ocrx_word' id='word_1_10' title='bbox 805 338 813 392; x_wconf 83' lang='lat'>3</span> 
     </span>
    </p>

    <p class='ocr_par' dir='ltr' id='par_1_3' title="bbox 70 394 1009 788">
     <span class='ocr_line' id='line_1_3' title="bbox 70 394 991 472; baseline 0.001 -17"><span class='ocrx_word' id='word_1_11' title='bbox 70 396 149 455; x_wconf 83' lang='lat' dir='ltr'>Jura</span> <span class='ocrx_word' id='word_1_12' title='bbox 163 397 328 472; x_wconf 89' lang='lat' dir='ltr'>domosque</span> <span class='ocrx_word' id='word_1_13' title='bbox 343 397 472 454; x_wconf 89' lang='lat' dir='ltr'>dabam:</span> <span class='ocrx_word' id='word_1_14' title='bbox 495 397 596 454; x_wconf 90' lang='lat' dir='ltr'>subito</span> <span class='ocrx_word' id='word_1_15' title='bbox 611 413 704 471; x_wconf 93' lang='lat' dir='ltr'>quum</span> <span class='ocrx_word' id='word_1_16' title='bbox 718 397 823 454; x_wconf 89' lang='lat' dir='ltr'>tabida</span> <span class='ocrx_word' id='word_1_17' title='bbox 837 394 991 470; x_wconf 80' lang='lat' dir='ltr'>membris,</span> 
     </span>
     <span class='ocr_line' id='line_1_4' title="bbox 72 474 781 551; baseline -0.001 -17"><span class='ocrx_word' id='word_1_18' title='bbox 72 474 221 551; x_wconf 78' lang='lat' dir='ltr'>Corrupto</span> <span class='ocrx_word' id='word_1_19' title='bbox 236 477 310 533; x_wconf 88' lang='lat' dir='ltr'>caeli</span> <span class='ocrx_word' id='word_1_20' title='bbox 326 481 434 546; x_wconf 88' lang='lat' dir='ltr'>tractu,</span> <span class='ocrx_word' id='word_1_21' title='bbox 451 476 681 550; x_wconf 86' lang='lat' dir='ltr'>miserandaque</span> <span class='ocrx_word' id='word_1_22' title='bbox 697 476 781 533; x_wconf 87' lang='lat' dir='ltr'>venit</span> 
     </span>
     <span class='ocr_line' id='line_1_5' title="bbox 70 554 810 630; baseline 0.003 -18"><span class='ocrx_word' id='word_1_23' title='bbox 70 556 299 630; x_wconf 85' lang='lat' dir='ltr'>Arboribusque</span> <span class='ocrx_word' id='word_1_24' title='bbox 315 556 450 630; x_wconf 86' lang='lat' dir='ltr'>sat-isque</span> <span class='ocrx_word' id='word_1_25' title='bbox 465 554 530 612; x_wconf 89' lang='lat' dir='ltr'>lues</span> <span class='ocrx_word' id='word_1_26' title='bbox 545 560 576 611; x_wconf 89' lang='lat' dir='ltr'>et</span> <span class='ocrx_word' id='word_1_27' title='bbox 590 555 688 612; x_wconf 88' lang='lat' dir='ltr'>letifer</span> <span class='ocrx_word' id='word_1_28' title='bbox 703 573 810 614; x_wconf 90' lang='lat' dir='ltr'>annus.</span> 
     </span>
     <span class='ocr_line' id='line_1_6' title="bbox 71 634 1009 709; baseline 0.004 -18"><span class='ocrx_word' id='word_1_29' title='bbox 71 634 265 709; x_wconf 79' lang='lat' dir='ltr'>Linquebant</span> <span class='ocrx_word' id='word_1_30' title='bbox 279 635 381 691; x_wconf 85' lang='lat' dir='ltr'>dulces</span> <span class='ocrx_word' id='word_1_31' title='bbox 398 635 523 704; x_wconf 81' lang='lat' dir='ltr'>animae,</span> <span class='ocrx_word' id='word_1_32' title='bbox 540 639 592 691; x_wconf 90' lang='lat' dir='ltr'>aut</span> <span class='ocrx_word' id='word_1_33' title='bbox 607 651 700 708; x_wconf 90' lang='lat' dir='ltr'>aegra</span> <span class='ocrx_word' id='word_1_34' title='bbox 713 635 877 692; x_wconf 78' lang='lat' dir='ltr'>trahebant</span> <span class='ocrx_word' id='word_1_35' title='bbox 955 639 1009 695; x_wconf 83' lang='lat'>140</span> 
     </span>
     <span class='ocr_line' id='line_1_7' title="bbox 72 713 820 788; baseline -0.001 -16"><span class='ocrx_word' id='word_1_36' title='bbox 72 713 206 787; x_wconf 82' lang='lat' dir='ltr'>Corpora</span> <span class='ocrx_word' id='word_1_37' title='bbox 220 734 227 786; x_wconf 82' lang='lat'><em>3</em></span> <span class='ocrx_word' id='word_1_38' title='bbox 248 720 312 770; x_wconf 92' lang='lat' dir='ltr'>tum</span> <span class='ocrx_word' id='word_1_39' title='bbox 328 713 445 770; x_wconf 88' lang='lat' dir='ltr'>steriles</span> <span class='ocrx_word' id='word_1_40' title='bbox 460 731 582 770; x_wconf 82' lang='lat' dir='ltr'>exurere</span> <span class='ocrx_word' id='word_1_41' title='bbox 599 713 696 771; x_wconf 85' lang='lat' dir='ltr'>Sirius</span> <span class='ocrx_word' id='word_1_42' title='bbox 712 731 820 788; x_wconf 82' lang='lat' dir='ltr'>agros3</span> 
     </span>
    </p>

    <p class='ocr_par' dir='ltr' id='par_1_4' title="bbox 70 792 943 1027">
     <span class='ocr_line' id='line_1_8' title="bbox 70 792 887 868; baseline 0 -18"><span class='ocrx_word' id='word_1_43' title='bbox 70 793 210 850; x_wconf 87' lang='lat' dir='ltr'>Arcbant</span> <span class='ocrx_word' id='word_1_44' title='bbox 225 792 343 863; x_wconf 80' lang='lat' dir='ltr'>herbae,</span> <span class='ocrx_word' id='word_1_45' title='bbox 359 798 390 849; x_wconf 88' lang='lat' dir='ltr'>et</span> <span class='ocrx_word' id='word_1_46' title='bbox 404 793 518 850; x_wconf 86' lang='lat' dir='ltr'>victum</span> <span class='ocrx_word' id='word_1_47' title='bbox 534 810 621 867; x_wconf 87' lang='lat' dir='ltr'>seges</span> <span class='ocrx_word' id='word_1_48' title='bbox 636 811 729 867; x_wconf 89' lang='lat' dir='ltr'>aegra</span> <span class='ocrx_word' id='word_1_49' title='bbox 744 793 887 868; x_wconf 86' lang='lat' dir='ltr'>negabat.</span> 
     </span>
     <span class='ocr_line' id='line_1_9' title="bbox 70 871 943 947; baseline 0.001 -17"><span class='ocrx_word' id='word_1_50' title='bbox 70 871 190 930; x_wconf 83' lang='lat' dir='ltr'>Rursus</span> <span class='ocrx_word' id='word_1_51' title='bbox 205 872 243 928; x_wconf 91' lang='lat' dir='ltr'>ad</span> <span class='ocrx_word' id='word_1_52' title='bbox 259 873 390 930; x_wconf 91' lang='lat' dir='ltr'>oraclum</span> <span class='ocrx_word' id='word_1_53' title='bbox 406 871 555 947; x_wconf 81' lang='lat' dir='ltr'>Ortygiae</span> <span class='ocrx_word' id='word_1_54' title='bbox 572 872 787 947; x_wconf 89' lang='lat' dir='ltr'>Phoebumque</span> <span class='ocrx_word' id='word_1_55' title='bbox 802 890 943 931; x_wconf 88' lang='lat' dir='ltr'>remenso</span> 
     </span>
     <span class='ocr_line' id='line_1_10' title="bbox 70 951 809 1027; baseline 0.001 -19"><span class='ocrx_word' id='word_1_56' title='bbox 70 951 220 1009; x_wconf 87' lang='lat' dir='ltr'>Hortatur</span> <span class='ocrx_word' id='word_1_57' title='bbox 233 957 319 1026; x_wconf 87' lang='lat' dir='ltr'>pater</span> <span class='ocrx_word' id='word_1_58' title='bbox 334 952 375 1008; x_wconf 89' lang='lat' dir='ltr'>ire</span> <span class='ocrx_word' id='word_1_59' title='bbox 390 951 475 1021; x_wconf 87' lang='lat' dir='ltr'>mari,</span> <span class='ocrx_word' id='word_1_60' title='bbox 492 952 670 1027; x_wconf 87' lang='lat' dir='ltr'>veniamque</span> <span class='ocrx_word' id='word_1_61' title='bbox 684 952 809 1027; x_wconf 89' lang='lat' dir='ltr'>precari,</span> 
     </span>
    </p>

    <p class='ocr_par' dir='ltr' id='par_1_5' title="bbox 71 1030 1050 1185">
     <span class='ocr_line' id='line_1_11' title="bbox 71 1030 1008 1103; baseline 0.005 -17"><span class='ocrx_word' id='word_1_62' title='bbox 71 1031 169 1103; x_wconf 82' lang='lat' dir='ltr'>Quam</span> <span class='ocrx_word' id='word_1_63' title='bbox 184 1031 272 1087; x_wconf 86' lang='lat' dir='ltr'>fessis</span> <span class='ocrx_word' id='word_1_64' title='bbox 288 1030 374 1088; x_wconf 88' lang='lat' dir='ltr'>finem</span> <span class='ocrx_word' id='word_1_65' title='bbox 389 1031 478 1087; x_wconf 87' lang='lat' dir='ltr'>rebus</span> <span class='ocrx_word' id='word_1_66' title='bbox 492 1031 577 1102; x_wconf 85' lang='lat' dir='ltr'>ferat,</span> <span class='ocrx_word' id='word_1_67' title='bbox 593 1032 671 1088; x_wconf 92' lang='lat' dir='ltr'>unde</span> <span class='ocrx_word' id='word_1_68' title='bbox 686 1032 822 1089; x_wconf 89' lang='lat' dir='ltr'>laborum</span> <span class='ocrx_word' id='word_1_69' title='bbox 952 1032 1008 1092; x_wconf 76' lang='lat'>145</span> 
     </span>
     <span class='ocr_line' id='line_1_12' title="bbox 71 1109 1050 1185; baseline 0.001 -17"><span class='ocrx_word' id='word_1_70' title='bbox 71 1110 201 1168; x_wconf 82' lang='lat' dir='ltr'>Tentare</span> <span class='ocrx_word' id='word_1_71' title='bbox 216 1109 362 1168; x_wconf 79' lang='lat' dir='ltr'>auxilium</span> <span class='ocrx_word' id='word_1_72' title='bbox 372 1111 485 1184; x_wconf 86' lang='lat' dir='ltr'>jubeat,</span> <span class='ocrx_word' id='word_1_73' title='bbox 502 1128 560 1185; x_wconf 90' lang='lat' dir='ltr'>quo</span> <span class='ocrx_word' id='word_1_74' title='bbox 576 1118 691 1168; x_wconf 88' lang='lat' dir='ltr'>vertere</span> <span class='ocrx_word' id='word_1_75' title='bbox 707 1129 820 1169; x_wconf 89' lang='lat' dir='ltr'>cursus.</span> <span class='ocrx_word' id='word_1_76' title='bbox 1046 1118 1050 1125; x_wconf 83' lang='lat'>&#39;</span> 
     </span>
    </p>
   </div>
   <div class='ocr_carea' id='block_1_3' title="bbox 69 1269 1008 1976">
    <p class='ocr_par' dir='ltr' id='par_1_6' title="bbox 69 1269 1008 1976">
     <span class='ocr_line' id='line_1_13' title="bbox 109 1269 869 1341; baseline 0.003 -14"><span class='ocrx_word' id='word_1_77' title='bbox 109 1269 180 1328; x_wconf 82' lang='lat' dir='ltr'>Nox</span> <span class='ocrx_word' id='word_1_78' title='bbox 193 1276 266 1341; x_wconf 83' lang='lat' dir='ltr'>erat,</span> <span class='ocrx_word' id='word_1_79' title='bbox 282 1275 313 1327; x_wconf 88' lang='lat' dir='ltr'>et</span> <span class='ocrx_word' id='word_1_80' title='bbox 327 1270 414 1327; x_wconf 88' lang='lat' dir='ltr'>terris</span> <span class='ocrx_word' id='word_1_81' title='bbox 430 1270 573 1327; x_wconf 86' lang='lat' dir='ltr'>animalia</span> <span class='ocrx_word' id='word_1_82' title='bbox 588 1287 711 1328; x_wconf 86' lang='lat' dir='ltr'>somnus</span> <span class='ocrx_word' id='word_1_83' title='bbox 726 1270 869 1329; x_wconf 85' lang='lat' dir='ltr'>habebat:</span> 
     </span>
     <span class='ocr_line' id='line_1_14' title="bbox 69 1346 791 1424; baseline 0 -18"><span class='ocrx_word' id='word_1_84' title='bbox 69 1348 194 1424; x_wconf 82' lang='lat' dir='ltr'>Effigies</span> <span class='ocrx_word' id='word_1_85' title='bbox 208 1367 310 1407; x_wconf 87' lang='lat' dir='ltr'>sacrae</span> <span class='ocrx_word' id='word_1_86' title='bbox 325 1346 430 1406; x_wconf 84' lang='lat' dir='ltr'>divirm</span> <span class='ocrx_word' id='word_1_87' title='bbox 446 1350 634 1424; x_wconf 83' lang='lat' dir='ltr'>Phrygiique</span> <span class='ocrx_word' id='word_1_88' title='bbox 650 1351 791 1421; x_wconf 88' lang='lat' dir='ltr'>Penates,</span> 
     </span>
     <span class='ocr_line' id='line_1_15' title="bbox 71 1429 911 1503; baseline 0 -17"><span class='ocrx_word' id='word_1_89' title='bbox 71 1431 155 1502; x_wconf 75' lang='lat' dir='ltr'>Quos</span> <span class='ocrx_word' id='word_1_90' title='bbox 170 1447 287 1487; x_wconf 91' lang='lat' dir='ltr'>mecum</span> <span class='ocrx_word' id='word_1_91' title='bbox 301 1430 339 1486; x_wconf 91' lang='lat' dir='ltr'>ab</span> <span class='ocrx_word' id='word_1_92' title='bbox 354 1429 443 1503; x_wconf 86' lang='lat' dir='ltr'>Troja</span> <span class='ocrx_word' id='word_1_93' title='bbox 457 1430 624 1503; x_wconf 85' lang='lat' dir='ltr'>mediisque</span> <span class='ocrx_word' id='word_1_94' title='bbox 639 1448 676 1486; x_wconf 85' lang='lat' dir='ltr'>ex</span> <span class='ocrx_word' id='word_1_95' title='bbox 690 1431 812 1503; x_wconf 81' lang='lat' dir='ltr'>ignibus</span> <span class='ocrx_word' id='word_1_96' title='bbox 825 1429 911 1486; x_wconf 88' lang='lat' dir='ltr'>urbis</span> 
     </span>
     <span class='ocr_line' id='line_1_16' title="bbox 71 1509 1008 1582; baseline 0.002 -17"><span class='ocrx_word' id='word_1_97' title='bbox 71 1509 256 1580; x_wconf 81' lang='lat' dir='ltr'>Extulcram,</span> <span class='ocrx_word' id='word_1_98' title='bbox 272 1509 331 1565; x_wconf 88' lang='lat' dir='ltr'>visi</span> <span class='ocrx_word' id='word_1_99' title='bbox 346 1515 415 1565; x_wconf 87' lang='lat' dir='ltr'>ante</span> <span class='ocrx_word' id='word_1_100' title='bbox 431 1510 533 1566; x_wconf 91' lang='lat' dir='ltr'>oculos</span> <span class='ocrx_word' id='word_1_101' title='bbox 549 1509 668 1566; x_wconf 90' lang='lat' dir='ltr'>adstare</span> <span class='ocrx_word' id='word_1_102' title='bbox 678 1509 809 1582; x_wconf 85' lang='lat' dir='ltr'>jacentis</span> <span class='ocrx_word' id='word_1_103' title='bbox 951 1509 1008 1568; x_wconf 80' lang='lat'>15⁰</span> 
     </span>
     <span class='ocr_line' id='line_1_17' title="bbox 69 1586 788 1664; baseline 0.001 -19"><span class='ocrx_word' id='word_1_104' title='bbox 69 1586 106 1645; x_wconf 93' lang='lat' dir='ltr'>In</span> <span class='ocrx_word' id='word_1_105' title='bbox 122 1590 245 1659; x_wconf 71' lang='lat' dir='ltr'>somnis</span> <span class='ocrx_word' id='word_1_106' title='bbox 261 1589 356 1646; x_wconf 91' lang='lat' dir='ltr'>multo</span> <span class='ocrx_word' id='word_1_107' title='bbox 372 1589 527 1646; x_wconf 81' lang='lat' dir='ltr'>manifesti</span> <span class='ocrx_word' id='word_1_108' title='bbox 540 1588 662 1658; x_wconf 84' lang='lat' dir='ltr'>lumine,</span> <span class='ocrx_word' id='word_1_109' title='bbox 679 1607 740 1664; x_wconf 87' lang='lat' dir='ltr'>qua</span> <span class='ocrx_word' id='word_1_110' title='bbox 755 1607 788 1646; x_wconf 88' lang='lat' dir='ltr'>se</span> 
     </span>
     <span class='ocr_line' id='line_1_18' title="bbox 70 1667 799 1744; baseline 0.001 -20"><span class='ocrx_word' id='word_1_111' title='bbox 70 1667 165 1725; x_wconf 90' lang='lat' dir='ltr'>Plena</span> <span class='ocrx_word' id='word_1_112' title='bbox 178 1687 232 1744; x_wconf 93' lang='lat' dir='ltr'>per</span> <span class='ocrx_word' id='word_1_113' title='bbox 246 1669 374 1726; x_wconf 88' lang='lat' dir='ltr'>insertas</span> <span class='ocrx_word' id='word_1_114' title='bbox 388 1667 532 1725; x_wconf 89' lang='lat' dir='ltr'>fundebat</span> <span class='ocrx_word' id='word_1_115' title='bbox 546 1669 618 1725; x_wconf 90' lang='lat' dir='ltr'>luna</span> <span class='ocrx_word' id='word_1_116' title='bbox 632 1669 799 1743; x_wconf 85' lang='lat' dir='ltr'>fenestras;</span> 
     </span>
     <span class='ocr_line' id='line_1_19' title="bbox 70 1742 886 1806; baseline 0.005 -3"><span class='ocrx_word' id='word_1_117' title='bbox 70 1746 148 1804; x_wconf 82' lang='lat' dir='ltr'>Tum</span> <span class='ocrx_word' id='word_1_118' title='bbox 163 1750 205 1805; x_wconf 87' lang='lat' dir='ltr'>sic</span> <span class='ocrx_word' id='word_1_119' title='bbox 220 1748 305 1805; x_wconf 84' lang='lat' dir='ltr'>affari</span> <span class='ocrx_word' id='word_1_120' title='bbox 319 1753 350 1804; x_wconf 92' lang='lat' dir='ltr'>et</span> <span class='ocrx_word' id='word_1_121' title='bbox 364 1766 451 1804; x_wconf 90' lang='lat' dir='ltr'>curas</span> <span class='ocrx_word' id='word_1_122' title='bbox 467 1747 513 1805; x_wconf 88' lang='lat' dir='ltr'>his</span> <span class='ocrx_word' id='word_1_123' title='bbox 529 1749 647 1805; x_wconf 89' lang='lat' dir='ltr'>demere</span> <span class='ocrx_word' id='word_1_124' title='bbox 663 1749 767 1806; x_wconf 90' lang='lat' dir='ltr'>dictis:</span> <span class='ocrx_word' id='word_1_125' title='bbox 882 1742 886 1749; x_wconf 73' lang='lat'>&#39;</span> 
     </span>
     <span class='ocr_line' id='line_1_20' title="bbox 70 1826 894 1903; baseline 0.004 -20"><span class='ocrx_word' id='word_1_126' title='bbox 70 1829 87 1856; x_wconf 83' lang='lat'>⁴‘</span> <span class='ocrx_word' id='word_1_127' title='bbox 97 1828 184 1900; x_wconf 77' lang='lat' dir='ltr'>Quod</span> <span class='ocrx_word' id='word_1_128' title='bbox 197 1828 254 1885; x_wconf 90' lang='lat' dir='ltr'>tibi</span> <span class='ocrx_word' id='word_1_129' title='bbox 268 1827 367 1883; x_wconf 87' lang='lat' dir='ltr'>delato</span> <span class='ocrx_word' id='word_1_130' title='bbox 382 1826 545 1902; x_wconf 85' lang='lat' dir='ltr'>Ortygiam</span> <span class='ocrx_word' id='word_1_131' title='bbox 560 1828 696 1884; x_wconf 89' lang='lat' dir='ltr'>dicturus</span> <span class='ocrx_word' id='word_1_132' title='bbox 711 1828 823 1903; x_wconf 87' lang='lat' dir='ltr'>Apollo</span> <span class='ocrx_word' id='word_1_133' title='bbox 837 1833 894 1899; x_wconf 88' lang='lat' dir='ltr'>est,</span> 
     </span>
     <span class='ocr_line' id='line_1_21' title="bbox 70 1905 1007 1976; baseline 0.003 -14"><span class='ocrx_word' id='word_1_134' title='bbox 70 1905 131 1963; x_wconf 93' lang='lat' dir='ltr'>Hic</span> <span class='ocrx_word' id='word_1_135' title='bbox 146 1907 234 1976; x_wconf 86' lang='lat' dir='ltr'>canit,</span> <span class='ocrx_word' id='word_1_136' title='bbox 250 1912 281 1963; x_wconf 89' lang='lat' dir='ltr'>et</span> <span class='ocrx_word' id='word_1_137' title='bbox 295 1912 348 1963; x_wconf 89' lang='lat' dir='ltr'>tua</span> <span class='ocrx_word' id='word_1_138' title='bbox 363 1924 418 1963; x_wconf 90' lang='lat' dir='ltr'>nos</span> <span class='ocrx_word' id='word_1_139' title='bbox 433 1925 470 1963; x_wconf 91' lang='lat' dir='ltr'>en</span> <span class='ocrx_word' id='word_1_140' title='bbox 485 1906 563 1963; x_wconf 90' lang='lat' dir='ltr'>ultro</span> <span class='ocrx_word' id='word_1_141' title='bbox 580 1907 619 1965; x_wconf 92' lang='lat' dir='ltr'>ad</span> <span class='ocrx_word' id='word_1_142' title='bbox 632 1907 738 1964; x_wconf 89' lang='lat' dir='ltr'>limina</span> <span class='ocrx_word' id='word_1_143' title='bbox 752 1908 854 1964; x_wconf 90' lang='lat' dir='ltr'>mittit.</span> <span class='ocrx_word' id='word_1_144' title='bbox 950 1907 1007 1966; x_wconf 87' lang='lat'>155</span> 
     </span>
    </p>
   </div>
   <div class='ocr_carea' id='block_1_4' title="bbox 827 1975 863 2056">
    <p class='ocr_par' dir='ltr' id='par_1_7' title="bbox 827 1975 863 2056">
     <span class='ocr_line' id='line_1_22' title="bbox 828 1975 863 1998; baseline -0.029 0"><span class='ocrx_word' id='word_1_145' title='bbox 828 1975 863 1998; x_wconf 70' lang='lat' dir='ltr'>n.</span> 
     </span>
     <span class='ocr_line' id='line_1_23' title="bbox 827 2005 845 2056; baseline 0 0"><span class='ocrx_word' id='word_1_146' title='bbox 827 2005 845 2056; x_wconf 73' lang='lat' dir='ltr'>l!</span> 
     </span>
    </p>
   </div>
   <div class='ocr_carea' id='block_1_5' title="bbox 63 1983 1010 3413">
    <p class='ocr_par' dir='ltr' id='par_1_8' title="bbox 69 1983 878 2141">
     <span class='ocr_line' id='line_1_24' title="bbox 69 1983 825 2061; baseline 0.001 -20"><span class='ocrx_word' id='word_1_147' title='bbox 69 1983 186 2056; x_wconf 80' lang='lat' dir='ltr'>Nesto,</span> <span class='ocrx_word' id='word_1_148' title='bbox 204 1985 358 2043; x_wconf 85' lang='lat' dir='ltr'>Dardania</span> <span class='ocrx_word' id='word_1_149' title='bbox 371 1986 502 2055; x_wconf 88' lang='lat' dir='ltr'>incensa,</span> <span class='ocrx_word' id='word_1_150' title='bbox 518 1993 629 2061; x_wconf 90' lang='lat' dir='ltr'>tuaque</span> <span class='ocrx_word' id='word_1_151' title='bbox 645 1992 825 2044; x_wconf 82' lang='lat' dir='ltr'>armassent</span> 
     </span>
     <span class='ocr_line' id='line_1_25' title="bbox 69 2063 878 2141; baseline 0.002 -20"><span class='ocrx_word' id='word_1_152' title='bbox 69 2063 134 2121; x_wconf 86' lang='lat' dir='ltr'>Nos</span> <span class='ocrx_word' id='word_1_153' title='bbox 150 2066 300 2122; x_wconf 89' lang='lat' dir='ltr'>tumidum</span> <span class='ocrx_word' id='word_1_154' title='bbox 315 2065 371 2122; x_wconf 94' lang='lat' dir='ltr'>sub</span> <span class='ocrx_word' id='word_1_155' title='bbox 386 2070 416 2122; x_wconf 87' lang='lat' dir='ltr'>te</span> <span class='ocrx_word' id='word_1_156' title='bbox 430 2067 582 2140; x_wconf 90' lang='lat' dir='ltr'>permensi</span> <span class='ocrx_word' id='word_1_157' title='bbox 597 2067 744 2123; x_wconf 89' lang='lat' dir='ltr'>classibus</span> <span class='ocrx_word' id='word_1_158' title='bbox 759 2082 878 2141; x_wconf 87' lang='lat' dir='ltr'>aequor,</span> 
     </span>
    </p>

    <p class='ocr_par' dir='ltr' id='par_1_9' title="bbox 70 2144 762 2220">
     <span class='ocr_line' id='line_1_26' title="bbox 70 2144 762 2220; baseline 0.001 -19"><span class='ocrx_word' id='word_1_159' title='bbox 70 2144 155 2202; x_wconf 89' lang='lat' dir='ltr'>Idem</span> <span class='ocrx_word' id='word_1_160' title='bbox 171 2153 315 2202; x_wconf 90' lang='lat' dir='ltr'>venturos</span> <span class='ocrx_word' id='word_1_161' title='bbox 330 2145 470 2202; x_wconf 90' lang='lat' dir='ltr'>tollemus</span> <span class='ocrx_word' id='word_1_162' title='bbox 484 2147 515 2202; x_wconf 92' lang='lat' dir='ltr'>in</span> <span class='ocrx_word' id='word_1_163' title='bbox 531 2152 614 2203; x_wconf 90' lang='lat' dir='ltr'>astra</span> <span class='ocrx_word' id='word_1_164' title='bbox 628 2154 762 2220; x_wconf 87' lang='lat' dir='ltr'>nepotes,</span> 
     </span>
    </p>

    <p class='ocr_par' dir='ltr' id='par_1_10' title="bbox 68 2223 866 2300">
     <span class='ocr_line' id='line_1_27' title="bbox 68 2223 866 2300; baseline 0 -19"><span class='ocrx_word' id='word_1_165' title='bbox 68 2223 291 2300; x_wconf 86' lang='lat' dir='ltr'>Imperiumque</span> <span class='ocrx_word' id='word_1_166' title='bbox 306 2224 372 2280; x_wconf 89' lang='lat' dir='ltr'>urbi</span> <span class='ocrx_word' id='word_1_167' title='bbox 387 2225 542 2282; x_wconf 85' lang='lat' dir='ltr'>dabimus:</span> <span class='ocrx_word' id='word_1_168' title='bbox 564 2231 598 2282; x_wconf 91' lang='lat' dir='ltr'>tu</span> <span class='ocrx_word' id='word_1_169' title='bbox 613 2227 732 2282; x_wconf 87' lang='lat' dir='ltr'>moenia</span> <span class='ocrx_word' id='word_1_170' title='bbox 745 2225 866 2299; x_wconf 91' lang='lat' dir='ltr'>magnis</span> 
     </span>
    </p>

    <p class='ocr_par' dir='ltr' id='par_1_11' title="bbox 68 2303 1008 2442">
     <span class='ocr_line' id='line_1_28' title="bbox 69 2303 1008 2380; baseline 0.002 -19"><span class='ocrx_word' id='word_1_171' title='bbox 69 2303 185 2378; x_wconf 88' lang='lat' dir='ltr'>Magna</span> <span class='ocrx_word' id='word_1_172' title='bbox 199 2323 281 2379; x_wconf 90' lang='lat' dir='ltr'>para,</span> <span class='ocrx_word' id='word_1_173' title='bbox 297 2304 480 2378; x_wconf 88' lang='lat' dir='ltr'>longumque</span> <span class='ocrx_word' id='word_1_174' title='bbox 496 2305 586 2379; x_wconf 84' lang='lat' dir='ltr'>fugae</span> <span class='ocrx_word' id='word_1_175' title='bbox 601 2323 638 2362; x_wconf 91' lang='lat' dir='ltr'>nc</span> <span class='ocrx_word' id='word_1_176' title='bbox 653 2306 753 2380; x_wconf 92' lang='lat' dir='ltr'>linque</span> <span class='ocrx_word' id='word_1_177' title='bbox 769 2305 912 2361; x_wconf 89' lang='lat' dir='ltr'>laborem.</span> <span class='ocrx_word' id='word_1_178' title='bbox 950 2305 1008 2363; x_wconf 82' lang='lat' dir='ltr'>loo</span> 
     </span>
     <span class='ocr_line' id='line_1_29' title="bbox 68 2383 815 2442; baseline 0.001 -2"><span class='ocrx_word' id='word_1_179' title='bbox 68 2383 237 2442; x_wconf 89' lang='lat' dir='ltr'>Mutandae</span> <span class='ocrx_word' id='word_1_180' title='bbox 253 2383 356 2441; x_wconf 90' lang='lat' dir='ltr'>sedes:</span> <span class='ocrx_word' id='word_1_181' title='bbox 378 2402 439 2440; x_wconf 93' lang='lat' dir='ltr'>non</span> <span class='ocrx_word' id='word_1_182' title='bbox 455 2383 529 2441; x_wconf 87' lang='lat' dir='ltr'>haec</span> <span class='ocrx_word' id='word_1_183' title='bbox 544 2385 598 2441; x_wconf 89' lang='lat' dir='ltr'>tibi</span> <span class='ocrx_word' id='word_1_184' title='bbox 613 2384 702 2441; x_wconf 88' lang='lat' dir='ltr'>litore</span> <span class='ocrx_word' id='word_1_185' title='bbox 717 2385 815 2441; x_wconf 89' lang='lat' dir='ltr'>suasit</span> 
     </span>
    </p>

    <p class='ocr_par' dir='ltr' id='par_1_12' title="bbox 69 2462 796 2538">
     <span class='ocr_line' id='line_1_30' title="bbox 69 2462 796 2538; baseline -0.001 -17"><span class='ocrx_word' id='word_1_186' title='bbox 69 2464 183 2533; x_wconf 87' lang='lat' dir='ltr'>Delius,</span> <span class='ocrx_word' id='word_1_187' title='bbox 201 2470 254 2520; x_wconf 87' lang='lat' dir='ltr'>aut</span> <span class='ocrx_word' id='word_1_188' title='bbox 269 2462 377 2521; x_wconf 81' lang='lat' dir='ltr'>Cretae</span> <span class='ocrx_word' id='word_1_189' title='bbox 388 2465 482 2537; x_wconf 88' lang='lat' dir='ltr'>jussit</span> <span class='ocrx_word' id='word_1_190' title='bbox 496 2465 660 2535; x_wconf 85' lang='lat' dir='ltr'>considere,</span> <span class='ocrx_word' id='word_1_191' title='bbox 676 2463 796 2538; x_wconf 84' lang='lat' dir='ltr'>Apollo.</span> 
     </span>
    </p>

    <p class='ocr_par' dir='ltr' id='par_1_13' title="bbox 69 2543 854 2618">
     <span class='ocr_line' id='line_1_31' title="bbox 69 2543 854 2618; baseline -0.001 -18"><span class='ocrx_word' id='word_1_192' title='bbox 69 2543 126 2600; x_wconf 82' lang='lat' dir='ltr'>Est</span> <span class='ocrx_word' id='word_1_193' title='bbox 141 2544 232 2613; x_wconf 80' lang='lat' dir='ltr'>loona,</span> <span class='ocrx_word' id='word_1_194' title='bbox 250 2544 430 2617; x_wconf 87' lang='lat' dir='ltr'>Hesperiam</span> <span class='ocrx_word' id='word_1_195' title='bbox 449 2543 532 2601; x_wconf 81' lang='lat' dir='ltr'>Graii</span> <span class='ocrx_word' id='word_1_196' title='bbox 547 2544 725 2618; x_wconf 80' lang='lat' dir='ltr'>cognomine</span> <span class='ocrx_word' id='word_1_197' title='bbox 740 2543 854 2613; x_wconf 90' lang='lat' dir='ltr'>dicunt,</span> 
     </span>
    </p>

    <p class='ocr_par' dir='ltr' id='par_1_14' title="bbox 68 2621 1008 2857">
     <span class='ocr_line' id='line_1_32' title="bbox 69 2621 885 2698; baseline -0.001 -19"><span class='ocrx_word' id='word_1_198' title='bbox 69 2621 162 2680; x_wconf 85' lang='lat' dir='ltr'>Terra</span> <span class='ocrx_word' id='word_1_199' title='bbox 177 2623 309 2697; x_wconf 84' lang='lat' dir='ltr'>antiqua,</span> <span class='ocrx_word' id='word_1_200' title='bbox 329 2629 438 2696; x_wconf 82' lang='lat' dir='ltr'>pote-ns</span> <span class='ocrx_word' id='word_1_201' title='bbox 453 2624 545 2680; x_wconf 89' lang='lat' dir='ltr'>armis</span> <span class='ocrx_word' id='word_1_202' title='bbox 561 2630 650 2698; x_wconf 87' lang='lat' dir='ltr'>atque</span> <span class='ocrx_word' id='word_1_203' title='bbox 665 2624 753 2680; x_wconf 88' lang='lat' dir='ltr'>ubere</span> <span class='ocrx_word' id='word_1_204' title='bbox 769 2623 885 2696; x_wconf 86' lang='lat' dir='ltr'>glebae,</span> 
     </span>
     <span class='ocr_line' id='line_1_33' title="bbox 70 2701 1008 2777; baseline 0.001 -18"><span class='ocrx_word' id='word_1_205' title='bbox 70 2701 212 2777; x_wconf 89' lang='lat' dir='ltr'>(Oenotri</span> <span class='ocrx_word' id='word_1_206' title='bbox 227 2704 343 2759; x_wconf 90' lang='lat' dir='ltr'>coluere</span> <span class='ocrx_word' id='word_1_207' title='bbox 359 2703 433 2776; x_wconf 82' lang='lat' dir='ltr'>viri3</span> <span class='ocrx_word' id='word_1_208' title='bbox 455 2721 534 2760; x_wconf 90' lang='lat' dir='ltr'>nunc</span> <span class='ocrx_word' id='word_1_209' title='bbox 549 2704 636 2772; x_wconf 86' lang='lat' dir='ltr'>fama,</span> <span class='ocrx_word' id='word_1_210' title='bbox 649 2704 780 2759; x_wconf 90' lang='lat' dir='ltr'>minores</span> <span class='ocrx_word' id='word_1_211' title='bbox 951 2704 1008 2760; x_wconf 77' lang='lat'>165</span> 
     </span>
     <span class='ocr_line' id='line_1_34' title="bbox 68 2782 772 2857; baseline 0 -19"><span class='ocrx_word' id='word_1_212' title='bbox 68 2782 190 2839; x_wconf 89' lang='lat' dir='ltr'>Italiam</span> <span class='ocrx_word' id='word_1_213' title='bbox 206 2783 317 2839; x_wconf 81' lang='lat' dir='ltr'>dixisse</span> <span class='ocrx_word' id='word_1_214' title='bbox 331 2782 417 2839; x_wconf 89' lang='lat' dir='ltr'>ducis</span> <span class='ocrx_word' id='word_1_215' title='bbox 432 2783 468 2838; x_wconf 89' lang='lat' dir='ltr'>de</span> <span class='ocrx_word' id='word_1_216' title='bbox 483 2784 604 2839; x_wconf 90' lang='lat' dir='ltr'>nomine</span> <span class='ocrx_word' id='word_1_217' title='bbox 619 2789 738 2856; x_wconf 87' lang='lat' dir='ltr'>gentem</span> <span class='ocrx_word' id='word_1_218' title='bbox 750 2783 772 2857; x_wconf 88' lang='lat'>:)</span> 
     </span>
    </p>

    <p class='ocr_par' dir='ltr' id='par_1_15' title="bbox 68 2862 867 3016">
     <span class='ocr_line' id='line_1_35' title="bbox 69 2862 867 2936; baseline -0.004 -17"><span class='ocrx_word' id='word_1_219' title='bbox 69 2862 137 2919; x_wconf 88' lang='lat' dir='ltr'>Hae</span> <span class='ocrx_word' id='word_1_220' title='bbox 152 2863 238 2919; x_wconf 91' lang='lat' dir='ltr'>nobis</span> <span class='ocrx_word' id='word_1_221' title='bbox 254 2862 393 2936; x_wconf 91' lang='lat' dir='ltr'>propriae</span> <span class='ocrx_word' id='word_1_222' title='bbox 410 2862 505 2931; x_wconf 88' lang='lat' dir='ltr'>sedes,</span> <span class='ocrx_word' id='word_1_223' title='bbox 523 2862 591 2919; x_wconf 90' lang='lat' dir='ltr'>hinc</span> <span class='ocrx_word' id='word_1_224' title='bbox 606 2862 767 2919; x_wconf 84' lang='lat' dir='ltr'>Dardanus</span> <span class='ocrx_word' id='word_1_225' title='bbox 782 2866 867 2917; x_wconf 88' lang='lat' dir='ltr'>ortus</span> 
     </span>
     <span class='ocr_line' id='line_1_36' title="bbox 68 2941 861 3016; baseline 0 -18"><span class='ocrx_word' id='word_1_226' title='bbox 68 2941 225 3016; x_wconf 87' lang='lat' dir='ltr'>Iasiusque</span> <span class='ocrx_word' id='word_1_227' title='bbox 240 2947 333 3015; x_wconf 87' lang='lat' dir='ltr'>pater,</span> <span class='ocrx_word' id='word_1_228' title='bbox 350 2958 446 3015; x_wconf 86' lang='lat' dir='ltr'>genus</span> <span class='ocrx_word' id='word_1_229' title='bbox 461 2960 479 2997; x_wconf 86' lang='lat' dir='ltr'>a</span> <span class='ocrx_word' id='word_1_230' title='bbox 493 2960 552 3015; x_wconf 91' lang='lat' dir='ltr'>quo</span> <span class='ocrx_word' id='word_1_231' title='bbox 567 2941 701 3016; x_wconf 80' lang='lat' dir='ltr'>principe</span> <span class='ocrx_word' id='word_1_232' title='bbox 716 2948 861 2998; x_wconf 88' lang='lat' dir='ltr'>nostrum.</span> 
     </span>
    </p>

    <p class='ocr_par' dir='ltr' id='par_1_16' title="bbox 70 3018 887 3095">
     <span class='ocr_line' id='line_1_37' title="bbox 70 3018 887 3095; baseline -0.002 -18"><span class='ocrx_word' id='word_1_233' title='bbox 70 3021 165 3095; x_wconf 81' lang='lat' dir='ltr'>Surge</span> <span class='ocrx_word' id='word_1_234' title='bbox 182 3039 247 3094; x_wconf 83' lang='lat' dir='ltr'>age,</span> <span class='ocrx_word' id='word_1_235' title='bbox 263 3027 294 3077; x_wconf 93' lang='lat' dir='ltr'>et</span> <span class='ocrx_word' id='word_1_236' title='bbox 308 3019 382 3077; x_wconf 92' lang='lat' dir='ltr'>haec</span> <span class='ocrx_word' id='word_1_237' title='bbox 396 3021 494 3077; x_wconf 90' lang='lat' dir='ltr'>laetus</span> <span class='ocrx_word' id='word_1_238' title='bbox 510 3021 657 3094; x_wconf 87' lang='lat' dir='ltr'>longaevo</span> <span class='ocrx_word' id='word_1_239' title='bbox 673 3021 753 3077; x_wconf 87' lang='lat' dir='ltr'>dicta</span> <span class='ocrx_word' id='word_1_240' title='bbox 768 3018 887 3093; x_wconf 87' lang='lat' dir='ltr'>parenti</span> 
     </span>
    </p>

    <p class='ocr_par' dir='ltr' id='par_1_17' title="bbox 68 3098 1010 3252">
     <span class='ocr_line' id='line_1_38' title="bbox 68 3098 1010 3174; baseline 0.001 -17"><span class='ocrx_word' id='word_1_241' title='bbox 68 3099 160 3158; x_wconf 88' lang='lat' dir='ltr'>Haud</span> <span class='ocrx_word' id='word_1_242' title='bbox 176 3100 342 3157; x_wconf 85' lang='lat' dir='ltr'>dubitanda</span> <span class='ocrx_word' id='word_1_243' title='bbox 352 3100 446 3156; x_wconf 86' lang='lat' dir='ltr'>refer:</span> <span class='ocrx_word' id='word_1_244' title='bbox 464 3099 633 3174; x_wconf 80' lang='lat' dir='ltr'>Corythum</span> <span class='ocrx_word' id='word_1_245' title='bbox 642 3105 795 3174; x_wconf 87' lang='lat' dir='ltr'>terrasque</span> <span class='ocrx_word' id='word_1_246' title='bbox 805 3098 938 3174; x_wconf 89' lang='lat' dir='ltr'>requirat</span> <span class='ocrx_word' id='word_1_247' title='bbox 952 3100 1010 3159; x_wconf 74' lang='lat'>170</span> 
     </span>
     <span class='ocr_line' id='line_1_39' title="bbox 68 3178 823 3252; baseline -0.003 -16"><span class='ocrx_word' id='word_1_248' title='bbox 68 3180 240 3236; x_wconf 87' lang='lat' dir='ltr'>Ausonias:</span> <span class='ocrx_word' id='word_1_249' title='bbox 264 3178 393 3235; x_wconf 86' lang='lat' dir='ltr'>Dictaea</span> <span class='ocrx_word' id='word_1_250' title='bbox 407 3184 499 3252; x_wconf 87' lang='lat' dir='ltr'>negat</span> <span class='ocrx_word' id='word_1_251' title='bbox 514 3179 570 3236; x_wconf 88' lang='lat' dir='ltr'>tihi</span> <span class='ocrx_word' id='word_1_252' title='bbox 584 3179 708 3252; x_wconf 80' lang='lat' dir='ltr'>Jupiter</span> <span class='ocrx_word' id='word_1_253' title='bbox 722 3180 823 3235; x_wconf 85' lang='lat' dir='ltr'>arva.&#39;&#39;</span> 
     </span>
    </p>

    <p class='ocr_par' dir='ltr' id='par_1_18' title="bbox 67 3257 729 3327">
     <span class='ocr_line' id='line_1_40' title="bbox 67 3257 729 3327; baseline -0.003 -11"><span class='ocrx_word' id='word_1_254' title='bbox 67 3258 193 3316; x_wconf 84' lang='lat' dir='ltr'>Talibus</span> <span class='ocrx_word' id='word_1_255' title='bbox 208 3257 356 3314; x_wconf 86' lang='lat' dir='ltr'>attonitus</span> <span class='ocrx_word' id='word_1_256' title='bbox 371 3258 447 3314; x_wconf 87' lang='lat' dir='ltr'>visis</span> <span class='ocrx_word' id='word_1_257' title='bbox 462 3275 495 3314; x_wconf 87' lang='lat' dir='ltr'>ac</span> <span class='ocrx_word' id='word_1_258' title='bbox 510 3275 582 3314; x_wconf 88' lang='lat' dir='ltr'>voce</span> <span class='ocrx_word' id='word_1_259' title='bbox 598 3258 729 3327; x_wconf 85' lang='lat' dir='ltr'>deorum,</span> 
     </span>
    </p>

    <p class='ocr_par' dir='ltr' id='par_1_19' title="bbox 63 3335 907 3413">
     <span class='ocr_line' id='line_1_41' title="bbox 63 3335 907 3413; baseline 0 -19"><span class='ocrx_word' id='word_1_260' title='bbox 63 3337 146 3413; x_wconf 86' lang='lat' dir='ltr'>(Nec</span> <span class='ocrx_word' id='word_1_261' title='bbox 159 3353 251 3412; x_wconf 79' lang='lat' dir='ltr'>sopor</span> <span class='ocrx_word' id='word_1_262' title='bbox 263 3335 336 3392; x_wconf 89' lang='lat' dir='ltr'>illud</span> <span class='ocrx_word' id='word_1_263' title='bbox 352 3343 425 3403; x_wconf 90' lang='lat' dir='ltr'>crat,</span> <span class='ocrx_word' id='word_1_264' title='bbox 442 3336 494 3393; x_wconf 87' lang='lat' dir='ltr'>sed</span> <span class='ocrx_word' id='word_1_265' title='bbox 511 3354 610 3394; x_wconf 84' lang='lat' dir='ltr'>coram</span> <span class='ocrx_word' id='word_1_266' title='bbox 626 3354 789 3410; x_wconf 87' lang='lat' dir='ltr'>agnoscere</span> <span class='ocrx_word' id='word_1_267' title='bbox 805 3337 907 3394; x_wconf 88' lang='lat' dir='ltr'>vultus</span> 
     </span>
    </p>
   </div>
   <div class='ocr_carea' id='block_1_6' title="bbox 0 0 1106 3676">
    <p class='ocr_par' dir='ltr' id='par_1_20' title="bbox 0 0 1106 3676">
     <span class='ocr_line' id='line_1_42' title="bbox 0 0 1106 3676; baseline 0 0"><span class='ocrx_word' id='word_1_268' title='bbox 0 0 1106 3676; x_wconf 95' lang='lat' dir='ltr'> </span> 
     </span>
    </p>
   </div>
  </div>
 </body>
</html>
