2204 3676
343 183 501 235 vaaerm
525 181 661 231 aarum
685 181 743 231 111.
971 169 1014 234 55

71 338 113 396 Et
127 337 194 395 uati
209 339 360 406 natorum,
376 333 472 410 etqui
486 336 650 392 nascentur
664 331 702 390 ab
716 332 807 391 illis.”

72 417 162 473 Haec
178 415 319 474 Phoebus
331 435 338 487 ;
359 414 514 489 mixtoque
528 413 637 488 iugens
652 418 757 470 exorta
770 410 903 470 tumultu

74 496 217 564 Laetitia,
233 500 264 551 et
278 494 378 552 cuncti
393 512 469 567 quae
486 493 547 550 sint
561 511 597 550 ea
610 493 731 550 moenia
745 497 903 568 quaerunt,
958 494 1016 556 100

74 577 143 647 Quo
159 574 303 632 Phoebus
318 579 405 630 vocet
419 577 556 630 errantes
565 573 731 647 jubeatque
746 571 864 630 reverti.

74 656 155 712 Tum
169 655 296 728 genitor,
312 657 448 709 veterum
464 652 591 710 volvens
613 657 810 709 monumenta
825 651 967 719 virerum,

76 735 226 804 “Audite,
242 750 259 790 o
273 734 446 808 proceres,'’
461 732 506 788 ait
521 735 579 788 “et
593 748 662 806 spes
677 731 785 788 discite
799 736 926 788 vestras.

78 814 170 872 Creta
184 813 273 870 Jovis
287 812 391 886 magni
405 811 504 868 medio
514 811 596 885 jacet
610 811 711 867 insula
725 816 828 885 ponto,

77 893 168 950 Mons
182 893 294 950 Idaeus
308 892 369 962 ubi,
385 897 416 949 et
430 890 532 965 gentis
547 890 697 948 cunabula
711 897 832 949 nostrae
844 909 852 962 3
960 889 1017 952 105

78 972 209 1030 Centum
224 972 312 1028 urbes
327 970 468 1028 habitant
482 987 620 1045 magnas,
637 971 789 1028 uberrima
802 987 913 1045 regua:

78 1051 234 1108 Maximus
248 1051 328 1108 uude
341 1056 437 1127 pater,
454 1050 479 1107 si
493 1050 548 1106 rite
564 1050 668 1107 audita
682 1051 830 1120 recordor,

79 1131 212 1189 Teucrus
227 1130 382 1188 Rhoeteas
397 1131 528 1207 primum
543 1137 591 1187 est
606 1130 750 1188 advectus
766 1131 804 1188 ad
820 1147 897 1199 oras,

80 1210 264 1286 Optavitque
280 1211 378 1268 locum
392 1228 495 1285 regno.
537 1209 681 1267 Nondum
696 1210 787 1268 Ilium
802 1215 833 1269 et
847 1225 931 1268 arces

80 1290 265 1365 Pergameae
281 1295 445 1363 steterant3
467 1290 646 1347 habitabant
661 1291 793 1348 vallibus
806 1291 884 1350 imis.
962 1287 1019 1348 110

80 1370 163 1428 Hine
176 1376 273 1427 mater
287 1370 396 1427 cultrix
412 1370 527 1444 Cybeli,
545 1369 791 1445 CorybantIaque
808 1389 887 1442 aera,

79 1449 265 1524 Idaeumque
280 1467 403 1522 nemus3
424 1449 494 1506 hinc
509 1449 567 1507 fida
582 1451 703 1507 silentia
717 1451 820 1521 sarria,

79 1529 124 1588 Et
132 1531 230 1603 juncti
245 1547 362 1586 currum
379 1529 518 1587 dominae
533 1530 652 1587 subiere
668 1531 778 1587 leones.

79 1609 163 1683 Ergo
179 1610 269 1684 agite,
285 1612 324 1678 et,
334 1609 444 1667 ,divum
459 1609 573 1666 ducunt
587 1629 646 1684 qua
656 1612 750 1684 jussa,
766 1628 939 1685 sequamur,

79 1689 241 1748 Placemus
256 1694 371 1758 ventos,
387 1694 418 1745 et
434 1688 548 1747 Gnosia
561 1707 655 1764 regua
669 1690 826 1765 petamusl
963 1690 1020 1749 115

79 1768 146 1826 Nec
161 1769 252 1843 longo
268 1768 385 1826 distant
399 1785 505 1826 eursu:
528 1770 617 1826 modo
632 1770 754 1845 Jupiter
769 1770 859 1841 adsit,

80 1849 187 1906 Tertia
202 1849 254 1906 lux
267 1847 396 1906 classem
412 1847 548 1906 Cretaeis
563 1850 652 1906 sistet
666 1851 695 1906 in
709 1850 799 1908 oris.''

80 1928 134 1987 Sic
148 1928 236 1998 fatus,
252 1928 378 1985 meritos
392 1928 452 1984 aris
467 1930 615 1986 mactavit
630 1929 767 2000 honorae,

80 2009 218 2066 Taurum
232 2007 383 2082 Neptune,
399 2014 520 2065 taurum
535 2009 599 2078 tibi,
614 2009 739 2084 pulcher
754 2010 874 2085 Apelle,

79 2087 111 2146 N
115 2088 210 2162 igram
226 2087 329 2144 Hiemi
343 2088 496 2163 pecudem,
513 2088 661 2165 Zephyris
677 2089 815 2147 felicibus
830 2091 940 2147 albam.
964 2091 1022 2148 120

122 2246 222 2303 Fama
236 2245 328 2315 volat,
343 2245 464 2320 pulsum
479 2248 582 2322 regnis
597 2248 723 2305 cessisse
738 2249 873 2323 paternis

80 2327 250 2386 Idomenea
264 2327 377 2396 ducem,
393 2327 572 2403 desertaque
588 2329 677 2385 litora
693 2329 810 2396 Cretae,

81 2407 182 2464 Hoste
199 2424 305 2464 vacare
319 2400 450 2477 demum,
467 2409 613 2484 sedesque
629 2409 749 2465 adstare
765 2408 893 2465 relictas.

82 2486 267 2560 Linquimus
282 2485 429 2559 Ortygiae
443 2493 557 2560 portus,
571 2489 744 2564 pelagoque
760 2489 908 2557 volamus,

82 2564 327 2639 Bacchatamque
338 2565 420 2640 jugis
436 2566 554 2637 Naxon,
571 2568 757 2642 viridemque
774 2568 941 2635 Donusam,
965 2566 1022 2626 125
1084 2603 1088 2610 -

81 2643 222 2716 Olearen,
238 2644 416 2720 niveamque
433 2646 541 2716 Paron,
559 2665 740 2722 sparsusque
755 2665 808 2720 pcr
823 2665 934 2721 aequor

83 2724 244 2800 Cycladas,
260 2729 291 2782 et
306 2725 416 2782 crebris
431 2726 561 2800 legimus
577 2728 654 2784 freta
669 2727 787 2796 concita
805 2727 901 2784 terris

82 2804 233 2862 Nauticus
248 2805 381 2860 exoritur
396 2807 480 2862 vario
496 2807 656 2863 certamine
672 2807 803 2879 clamor;

83 2883 256 2941 Hortautur
270 2884 351 2952 socii,
370 2882 492 2941 Cretam
508 2904 698 2961 proavosque
714 2893 871 2961 petamus3

84 2963 282 3039 Prosequitur
296 2981 423 3037 surgens
440 2982 457 3020 a
471 2966 563 3040 puppi
580 2973 690 3023 ventus
705 2974 822 3034 euntes
968 2965 1025 3024 130

83 3043 124 3100 Et
138 3044 262 3103 taudem
278 3043 412 3116 antiquis
428 3042 574 3101 Curetum
590 3046 750 3102 allabimur
765 3046 833 3104 oris

83 3122 165 3197 Ergo
182 3124 291 3180 avidus
306 3139 409 3178 muros
424 3129 547 3196 optatae
563 3125 670 3181 molior
683 3126 774 3194 urbia,

83 3201 342 3278 Pergameamque
358 3218 441 3272 voce,
457 3208 488 3258 et
502 3202 613 3259 laetam
628 3205 805 3275 cognomino
821 3209 943 3279 gentem

83 3280 199 3340 Hortor
213 3300 315 3340 amare
331 3281 413 3338 iocos
428 3299 585 3357 arcemque
602 3284 739 3341 attollere
755 3287 852 3343 tectis.

82 3361 214 3436 Jamque
228 3362 289 3418 fere
304 3360 400 3439 [sicce
415 3361 581 3419 subductae
596 3361 685 3422 litore
700 3381 820 3444 puppes
828 3363 859 3444 ,l
968 3364 1030 3421 rsa
