2204 3676
337 678 371 737 P.
393 675 577 736 VERGILI
600 676 800 738 MARONIS

261 861 1046 1002 nunninus,

416 1062 532 1110 LIBER
548 1063 721 1118 QUINTUS.

96 1356 239 1416 Inruaun
254 1352 386 1412 medium
402 1352 523 1412 Aeneas
539 1353 603 1425 jam
618 1353 714 1410 classe
729 1356 854 1413 tenebat

99 1436 208 1495 Certus
222 1435 287 1504 iter,
304 1433 469 1508 fluctusque
485 1437 566 1488 atros
582 1432 732 1506 Aquilone
748 1436 879 1504 secabat,

98 1514 221 1571 Moenia
235 1514 406 1586 respiciens,
424 1529 500 1587 quae
517 1513 580 1584 jam
596 1511 724 1568 infelicis
740 1513 859 1570 Elissae

99 1594 257 1652 Collucent
271 1592 408 1648 flanrnris,
451 1591 534 1662 Quae
549 1595 668 1647 tanturn
684 1593 854 1649 accenderit
869 1593 978 1666 ignem,

99 1672 201 1731 Causa
215 1673 311 1744 latet;
333 1671 398 1727 duri
414 1687 525 1743 magno
541 1670 593 1726 sed
609 1687 708 1726 amore
724 1671 840 1728 dolores
1014 1674 1032 1732 5

99 1752 229 1820 Pollut0,
245 1756 418 1824 notumque,
434 1749 534 1804 furens
549 1749 620 1822 quid
636 1749 748 1806 femina
762 1752 867 1824 possit,

98 1832 198 1888 Triste
212 1847 265 1904 per
280 1829 439 1903 augurium
456 1828 637 1884 Teucrorum
652 1835 772 1902 pectora
786 1830 907 1888 ducunt.

140 1910 185 1967 Ut
198 1910 323 1985 pelagus
338 1914 459 1964 tenuere
474 1913 564 1974 rates,
581 1924 635 1963 nec
651 1909 714 1980 jam
731 1910 858 1984 amplius
873 1911 934 1966 ulla

99 1989 236 2047 Occurrit
249 1989 347 2055 tellus,
364 1987 459 2043 maria
472 1987 603 2060 undiquc
618 1992 649 2042 et
663 1988 795 2061 undique
810 1991 933 2058 caelum,

99 2068 161 2126 Olli
176 2068 327 2125 caeruleus
344 2083 434 2140 supra
450 2072 539 2139 caput
554 2066 674 2122 adstitit
688 2067 790 2135 imber,
997 2071 1033 2127 lo

97 2147 227 2204 Noctem
242 2147 429 2220 hiememque
446 2145 553 2213 ferens,
569 2151 599 2201 et
614 2144 761 2201 inhorruit
776 2148 857 2203 unda
871 2147 1004 2204 tenebris

98 2227 169 2302 Ipse
184 2227 367 2301 guberuator
380 2225 472 2299 puppi
487 2224 648 2281 Palinurus
664 2226 702 2281 ab
717 2226 796 2282 alta:

99 2310 116 2336 ⁴⁴
129 2306 207 2376 Heu,
224 2306 365 2380 quianam
380 2304 458 2361 tanti
474 2304 631 2360 cinxerunt
647 2304 770 2361 aethera
784 2304 900 2362 nimbi?

99 2386 226 2457 Quidve,
242 2391 329 2459 pater
343 2383 491 2456 Neptune,
508 2401 597 2457 paras
607 2382 619 2440 ?
629 2385 645 2414 '²
688 2383 736 2440 Sic
751 2384 858 2440 deinde
874 2384 993 2442 locutus

100 2464 251 2539 Colligere
267 2481 351 2520 arma
367 2463 453 2536 jubet
468 2463 638 2535 validisque
652 2463 822 2519 incumbere
838 2465 937 2533 remis,
996 2466 1032 2524 15

99 2543 303 2618 Obliquatque
319 2543 403 2598 sinus
417 2541 448 2597 in
463 2547 596 2611 ventum,
613 2559 646 2598 ac
661 2541 736 2598 talia
750 2543 846 2599 fatur:

99 2626 117 2652 “
127 2623 324 2697 Magnanimo
338 2622 453 2689 Aenea,
469 2639 537 2689 non,
555 2621 580 2676 si
595 2620 669 2676 mihi
683 2621 806 2695 Jupiter
821 2626 925 2678 auctor

100 2701 262 2778 Spondeat,
280 2702 336 2757 hoc
351 2717 468 2774 sperem
484 2700 608 2756 Italiam
622 2701 795 2774 contingere
811 2700 902 2757 caelo.

98 2781 211 2838 Mutati
225 2786 400 2838 transversa
415 2779 545 2835 fremunt
559 2787 591 2836 et
606 2797 729 2854 vespere
746 2781 783 2836 ab
800 2786 865 2835 atro

99 2859 294 2934 Consurgunt
309 2858 401 2927 venti,
418 2863 507 2932 atque
523 2858 554 2914 in
569 2859 678 2915 nubem
693 2860 810 2933 cogitur
826 2861 892 2930 alir3
995 2859 1033 2916 20

98 2938 162 2996 Nec
177 2956 232 2996 nos
247 2939 343 2995 obniti
358 2943 471 3005 contra,
488 2955 541 2993 nec
555 2939 677 2994 tendere
692 2945 811 2994 tantum

99 3017 277 3076 sufficimus,
321 3015 449 3091 Superat
463 3016 605 3088 quoniam
622 3017 765 3085 Fortuna,
783 3033 952 3090 sequamur,

98 3097 226 3172 Quoque
241 3102 337 3166 vocat,
354 3100 507 3151 vertamus
521 3095 585 3151 iter.
630 3095 693 3151 Nec
708 3096 797 3151 litora
811 3095 900 3169 longe

97 3175 176 3233 Fida
189 3191 257 3233 reor
270 3175 402 3232 fraterna
417 3173 525 3247 Erycis
539 3179 703 3247 portusque
720 3174 854 3246 Sicanos,

97 3254 132 3315 Si
146 3255 237 3314 modo
251 3254 308 3312 rite
322 3270 436 3310 ruemor
451 3258 573 3310 servata
587 3253 727 3312 remetior
743 3255 854 3315 astra.”
995 3254 1032 3310 25

876 3347 1016 3405 bt„
