2204 3676
340 184 498 233 inserar
521 184 658 231 anxius
683 184 735 233 vr
954 172 1015 235 123

77 335 164 393 Haec
179 334 277 392 omnis
279 351 386 409 ,quam
401 334 507 404 cernis,
520 333 607 408 inops
621 333 836 408 inhumataque
849 336 940 394 turba
953 343 1016 409 est;

77 415 214 472 Portitor
227 415 276 470 ille
294 413 434 487 Charon3
456 413 494 482 hi,
511 431 587 488 quos
602 413 687 470 vehit
701 415 792 478 unda
808 415 924 488 sepulti.
909 419 1014 475 1326

76 494 178 552 Nee
156 511 237 568 ripas
251 493 341 549 datur
356 458 566 550 horr’endast
536 499 566 549 et
580 510 670 550 rauca
684 493 796 550 fluenta

77 574 245 648 Transport
247 590 296 629 are
311 573 401 646 prius,
418 590 508 647 quam
523 573 646 630 sedibus
661 590 731 629 ossa
745 574 893 647 quierunt.

77 653 208 711 Centum
223 659 326 710 errant
341 669 436 709 annos
451 652 637 727 volitantque
653 652 726 709 hacc
740 653 829 710 litora
843 655 954 711 circum
967 674 974 726 ;

76 733 157 790 Tum
171 734 292 790 demum
307 732 433 789 admissi
448 737 558 806 stagna
572 738 714 807 exoptata
729 733 893 791 revisunt.”
956 736 1014 793 330

77 812 227 870 Constitit
241 811 382 869 Anchisa
396 816 482 868 satus
496 818 527 868 et
542 813 672 886 vestigia
686 812 805 886 pressit,

76 893 179 950 Multa
191 897 311 967 patena,
327 898 498 966 sortemque
514 891 615 948 animo
631 892 793 948 miseratus
804 893 946 968 iniquam

78 972 185 1030 Cernit
197 972 240 1028 ibi
254 976 388 1028 maestes
404 977 435 1028 et
449 971 556 1028 mortis
571 971 683 1028 honore
698 978 835 1028 carentes

76 1051 259 1126 Leucaspim
274 1056 306 1108 et
321 1050 435 1125 Lyciae
451 1050 605 1108 ductorem
620 1051 727 1107 classis
743 1050 885 1123 Oronten,

77 1133 162 1205 Quos
177 1131 275 1201 simul,
292 1148 310 1187 a
324 1129 413 1205 Troia
427 1135 555 1187 ventosa
569 1148 621 1205 per
636 1147 767 1205 aequora
782 1138 894 1202 vectos,
957 1140 1013 1196 335

77 1211 187 1270 Obruit
201 1212 323 1279 Auster,
339 1228 418 1285 aqua
432 1210 591 1267 involvens
606 1227 774 1286 navemque
790 1211 937 1289 viresque.

117 1370 195 1428 Eece
210 1370 393 1444 gubernator
406 1387 472 1427 sese
488 1369 652 1427 Palinurus
668 1370 786 1444 agebat,

78 1451 138 1522 Qui
154 1451 268 1525 Libyco
283 1468 378 1524 nuper
392 1467 489 1518 cursu,
507 1449 578 1506 duni
594 1451 691 1507 sidera
706 1457 814 1522 servat,

77 1529 240 1587 Exciderat
254 1530 346 1604 puppi
361 1530 469 1586 mediis
484 1529 595 1586 effusus
611 1531 641 1586 iu
657 1531 754 1587 undis.

77 1610 169 1666 Hunc
183 1609 234 1667 ubi
250 1610 300 1665 vix
315 1609 411 1666 multa
426 1614 576 1666 maestum
592 1611 735 1683 cognovit
750 1610 780 1666 iu
796 1611 910 1682 umbra,
954 1616 1012 1673 340

77 1689 128 1747 Sic
141 1691 222 1764 prior
235 1689 415 1764 alloquitur:
439 1689 542 1762 “Quis
557 1696 595 1759 te,
612 1690 762 1758 Palinure,
779 1690 903 1748 deorum

77 1769 201 1846 Eripuit
214 1770 309 1839 nobis,
324 1769 484 1844 medioque
501 1769 557 1825 sub
573 1787 700 1844 aequore
716 1768 845 1826 mersit?

77 1849 136 1907 Dic
151 1868 226 1925 aga:
248 1867 376 1925 namque
391 1848 475 1917 mihi,
492 1849 585 1905 fallax
598 1848 679 1906 haud
695 1855 764 1906 aute
779 1856 924 1924 repertura,

77 1929 145 1987 Hoc
160 1947 220 1987 uuo
234 1945 377 2004 response
392 1928 525 1985 animum
541 1929 651 1986 delusit
667 1929 786 2003 Apollo,

77 2009 137 2082 Qui
151 2011 214 2067 iore
228 2015 258 2067 te
272 2012 366 2084 ponto
380 2008 569 2077 incolumem,
586 2007 716 2082 finesque
732 2010 860 2066 canebat
952 2015 1010 2071 345

76 2088 248 2146 Venturum
263 2088 426 2145 Ausonios.
469 2087 516 2144 En
531 2087 605 2145 haec
619 2088 769 2162 promissa
783 2088 856 2146 fides
871 2089 964 2149 est?’'

76 2169 132 2227 Ille
148 2176 266 2226 autem:
289 2167 421 2243 “Neque
436 2172 466 2224 te
482 2167 596 2225 Phoebi
610 2168 725 2224 eortina
739 2168 851 2238 fefellit,

76 2248 147 2307 Dux
163 2247 356 2318 Anchisiade,
369 2265 424 2304 nec
439 2265 485 2303 me
499 2247 574 2304 deus
589 2265 716 2322 aequore
731 2250 852 2305 mersit:

75 2329 215 2403 Namque
230 2327 445 2403 gubernaclum
460 2327 557 2384 multa
572 2328 601 2383 vi
617 2327 692 2384 forte
707 2328 868 2398 revulsum,

77 2408 134 2466 Cui
149 2410 239 2467 datus
254 2407 412 2464 haerebam
429 2413 531 2464 custos
547 2424 710 2481 cursusque
726 2409 874 2481 regebam,
952 2411 1010 2467 350

76 2489 286 2562 Praecipitans
300 2488 378 2545 traxi
394 2504 518 2544 meeum.
562 2486 663 2543 Maria
678 2503 783 2561 aspera
793 2489 870 2560 juro,

74 2567 145 2626 Non
159 2568 254 2625 ullum
269 2584 322 2642 pro
336 2584 384 2624 me
399 2572 520 2622 tautum
535 2566 649 2640 cepisse
664 2565 810 2635 timorem,

76 2649 175 2721 Quam
189 2653 242 2705 tua
257 2665 302 2717 ne,
319 2647 450 2721 spoliata
465 2646 565 2715 armis
581 2661 708 2702 excussa
722 2645 877 2719 magistre,

75 2727 224 2786 Deficerct
237 2727 330 2784 tantis
344 2726 433 2783 navis
448 2725 641 2799 surgentibus
656 2724 752 2780 undis.

74 2807 149 2864 Tres
162 2807 263 2865 Notus
277 2806 419 2864 hibernas
433 2806 580 2862 immensa
592 2821 645 2880 per
661 2821 791 2878 aequora
806 2809 910 2861 noctes
951 2807 1008 2862 355

73 2886 168 2944 Vexit
181 2904 229 2944 me
244 2886 396 2943 violentus
411 2903 507 2960 aqua3
529 2885 580 2941 vix
594 2884 705 2940 lumine
720 2889 826 2958 quarto

74 2965 219 3042 Prospexi
233 2965 356 3023 Italiam
372 2982 490 3022 summa
504 2963 641 3021 sublimis
657 2965 695 3020 ab
710 2963 798 3019 unda.

73 3046 227 3103 Paulatim
243 3045 394 3106 adnabam
409 3050 522 3116 terrae3
539 3046 602 3117 jam
617 3049 684 3100 tuta
697 3043 847 3110 tenebam,

72 3125 101 3183 N
105 3127 114 3182 i
130 3144 204 3200 gens
219 3124 348 3182 crudelis
363 3124 486 3180 madida
500 3142 566 3180 eum
581 3129 665 3180 veste
681 3129 849 3196 gravatum,

73 3204 331 3279 Prensantemque
343 3204 428 3260 uncis
443 3203 579 3259 manibus
592 3203 691 3277 capita
702 3218 809 3273 aspera
822 3201 940 3270 montis,
952 3204 1008 3258 360

72 3284 164 3343 Ferro
178 3284 351 3353 invasisset,
366 3283 567 3357 praedamque
582 3282 690 3355 ignara
703 3285 848 3353 pute-sset.

71 3364 161 3423 Nunc
174 3383 222 3422 me
237 3363 345 3421 fluctus
360 3362 460 3431 habet,
476 3366 656 3437 versantque
670 3360 704 3417 in
717 3360 804 3418 litore
817 3358 912 3417 uenti
