<?xml version="1.0" encoding="UTF-8"?>
<!DOCTYPE html PUBLIC "-//W3C//DTD XHTML 1.0 Transitional//EN"
    "http://www.w3.org/TR/xhtml1/DTD/xhtml1-transitional.dtd">
<html xmlns="http://www.w3.org/1999/xhtml" xml:lang="en" lang="en">
 <head>
  <title>
</title>
<meta http-equiv="Content-Type" content="text/html;charset=utf-8" />
  <meta name='ocr-system' content='tesseract 3.04.00' />
  <meta name='ocr-capabilities' content='ocr_page ocr_carea ocr_par ocr_line ocrx_word'/>
</head>
<body>
  <div class='ocr_page' id='page_1' title='image "./sixbooksneidvir00virggoog_0059.png"; bbox 0 0 2204 3676; ppageno 0'>
   <div class='ocr_carea' id='block_1_1' title="bbox 106 191 772 259">
    <p class='ocr_par' dir='ltr' id='par_1_1' title="bbox 106 191 772 259">
     <span class='ocr_line' id='line_1_1' title="bbox 106 191 772 259; baseline -0.015 0"><span class='ocrx_word' id='word_1_1' title='bbox 106 191 149 259; x_wconf 82' lang='grc'><strong>50</strong></span> <span class='ocrx_word' id='word_1_2' title='bbox 385 204 544 257; x_wconf 80' lang='lat' dir='ltr'><strong>vuaernr</strong></span> <span class='ocrx_word' id='word_1_3' title='bbox 569 202 706 253; x_wconf 77' lang='lat' dir='ltr'><strong>aruars</strong></span> <span class='ocrx_word' id='word_1_4' title='bbox 730 199 772 250; x_wconf 90' lang='lat'><strong>11.</strong></span> 
     </span>
    </p>
   </div>
   <div class='ocr_carea' id='block_1_2' title="bbox 37 355 1060 3468">
    <p class='ocr_par' dir='ltr' id='par_1_2' title="bbox 108 355 910 434">
     <span class='ocr_line' id='line_1_2' title="bbox 108 355 910 434; baseline -0.009 -16"><span class='ocrx_word' id='word_1_5' title='bbox 108 357 275 418; x_wconf 74' lang='lat' dir='ltr'>Confusam</span> <span class='ocrx_word' id='word_1_6' title='bbox 290 356 400 434; x_wconf 89' lang='lat' dir='ltr'><strong>eripuit</strong></span> <span class='ocrx_word' id='word_1_7' title='bbox 414 360 564 414; x_wconf 79' lang='lat' dir='ltr'>mentem:</span> <span class='ocrx_word' id='word_1_8' title='bbox 586 373 716 431; x_wconf 89' lang='lat' dir='ltr'><strong>namque</strong></span> <span class='ocrx_word' id='word_1_9' title='bbox 736 355 806 414; x_wconf 83' lang='lat' dir='ltr'><strong>avia</strong></span> <span class='ocrx_word' id='word_1_10' title='bbox 819 370 910 413; x_wconf 87' lang='lat' dir='ltr'><strong>cursu</strong></span> 
     </span>
    </p>

    <p class='ocr_par' dir='ltr' id='par_1_3' title="bbox 107 436 858 514">
     <span class='ocr_line' id='line_1_3' title="bbox 107 436 858 514; baseline -0.007 -17"><span class='ocrx_word' id='word_1_11' title='bbox 107 439 191 497; x_wconf 89' lang='lat' dir='ltr'><strong>Dum</strong></span> <span class='ocrx_word' id='word_1_12' title='bbox 206 455 317 514; x_wconf 91' lang='lat' dir='ltr'><strong>sequor</strong></span> <span class='ocrx_word' id='word_1_13' title='bbox 330 442 362 495; x_wconf 88' lang='lat' dir='ltr'><strong>et</strong></span> <span class='ocrx_word' id='word_1_14' title='bbox 375 442 450 494; x_wconf 92' lang='lat' dir='ltr'><strong>uota</strong></span> <span class='ocrx_word' id='word_1_15' title='bbox 463 437 575 494; x_wconf 89' lang='lat' dir='ltr'><strong>excedo</strong></span> <span class='ocrx_word' id='word_1_16' title='bbox 590 436 714 511; x_wconf 79' lang='lat' dir='ltr'>regione</span> <span class='ocrx_word' id='word_1_17' title='bbox 730 437 858 506; x_wconf 89' lang='lat' dir='ltr'><strong>viarum,</strong></span> 
     </span>
    </p>

    <p class='ocr_par' dir='ltr' id='par_1_4' title="bbox 108 516 848 592">
     <span class='ocr_line' id='line_1_4' title="bbox 108 516 848 592; baseline -0.003 -17"><span class='ocrx_word' id='word_1_18' title='bbox 108 519 188 589; x_wconf 87' lang='lat' dir='ltr'><strong>Heu,</strong></span> <span class='ocrx_word' id='word_1_19' title='bbox 205 519 315 575; x_wconf 87' lang='lat' dir='ltr'><strong>misero</strong></span> <span class='ocrx_word' id='word_1_20' title='bbox 331 519 460 590; x_wconf 88' lang='lat' dir='ltr'><strong>conjunx</strong></span> <span class='ocrx_word' id='word_1_21' title='bbox 473 516 536 573; x_wconf 89' lang='lat' dir='ltr'><strong>fato</strong></span> <span class='ocrx_word' id='word_1_22' title='bbox 551 516 593 573; x_wconf 91' lang='lat' dir='ltr'><strong>mi</strong></span> <span class='ocrx_word' id='word_1_23' title='bbox 607 523 711 592; x_wconf 88' lang='lat' dir='ltr'><strong>crepta</strong></span> <span class='ocrx_word' id='word_1_24' title='bbox 727 517 848 575; x_wconf 78' lang='lat' dir='ltr'><strong>Oreiisa.</strong></span> 
     </span>
    </p>

    <p class='ocr_par' dir='ltr' id='par_1_5' title="bbox 108 596 802 667">
     <span class='ocr_line' id='line_1_5' title="bbox 108 596 802 667; baseline -0.003 -12"><span class='ocrx_word' id='word_1_25' title='bbox 108 597 263 667; x_wconf 82' lang='lat' dir='ltr'><strong>Substitit,</strong></span> <span class='ocrx_word' id='word_1_26' title='bbox 279 596 502 667; x_wconf 84' lang='lat' dir='ltr'><strong>erravitnevia,</strong></span> <span class='ocrx_word' id='word_1_27' title='bbox 519 613 572 653; x_wconf 92' lang='lat' dir='ltr'><strong>seu</strong></span> <span class='ocrx_word' id='word_1_28' title='bbox 587 597 670 653; x_wconf 87' lang='lat' dir='ltr'><strong>lassa</strong></span> <span class='ocrx_word' id='word_1_29' title='bbox 682 597 802 666; x_wconf 82' lang='lat' dir='ltr'><strong>resedit,</strong></span> 
     </span>
    </p>

    <p class='ocr_par' dir='ltr' id='par_1_6' title="bbox 108 671 1051 751">
     <span class='ocr_line' id='line_1_6' title="bbox 108 671 1051 751; baseline -0.003 -15"><span class='ocrx_word' id='word_1_30' title='bbox 108 677 280 736; x_wconf 84' lang='lat' dir='ltr'><strong>Incertum:</strong></span> <span class='ocrx_word' id='word_1_31' title='bbox 301 694 356 733; x_wconf 91' lang='lat' dir='ltr'><strong>uec</strong></span> <span class='ocrx_word' id='word_1_32' title='bbox 369 681 440 751; x_wconf 90' lang='lat' dir='ltr'><strong>post</strong></span> <span class='ocrx_word' id='word_1_33' title='bbox 455 676 551 733; x_wconf 90' lang='lat' dir='ltr'><strong>oculis</strong></span> <span class='ocrx_word' id='word_1_34' title='bbox 565 681 613 732; x_wconf 90' lang='lat' dir='ltr'><strong>est</strong></span> <span class='ocrx_word' id='word_1_35' title='bbox 626 677 746 734; x_wconf 89' lang='lat' dir='ltr'><strong>reddita</strong></span> <span class='ocrx_word' id='word_1_36' title='bbox 761 674 883 733; x_wconf 85' lang='lat' dir='ltr'><strong>nostris.</strong></span> <span class='ocrx_word' id='word_1_37' title='bbox 991 671 1051 733; x_wconf 79' lang='lat'><strong>740</strong></span> 
     </span>
    </p>

    <p class='ocr_par' dir='ltr' id='par_1_7' title="bbox 107 754 877 832">
     <span class='ocr_line' id='line_1_7' title="bbox 107 754 877 832; baseline -0.005 -18"><span class='ocrx_word' id='word_1_38' title='bbox 107 756 172 814; x_wconf 89' lang='lat' dir='ltr'><strong>Nec</strong></span> <span class='ocrx_word' id='word_1_39' title='bbox 186 757 270 832; x_wconf 89' lang='lat' dir='ltr'><strong>prius</strong></span> <span class='ocrx_word' id='word_1_40' title='bbox 285 757 430 812; x_wconf 89' lang='lat' dir='ltr'><strong>amissam</strong></span> <span class='ocrx_word' id='word_1_41' title='bbox 447 755 563 830; x_wconf 81' lang='lat' dir='ltr'><strong>respexi</strong></span> <span class='ocrx_word' id='word_1_42' title='bbox 579 757 752 813; x_wconf 82' lang='lat' dir='ltr'><strong>animumve</strong></span> <span class='ocrx_word' id='word_1_43' title='bbox 767 754 877 825; x_wconf 84' lang='lat' dir='ltr'><strong>reflexi,</strong></span> 
     </span>
    </p>

    <p class='ocr_par' dir='ltr' id='par_1_8' title="bbox 109 835 1013 910">
     <span class='ocr_line' id='line_1_8' title="bbox 109 835 1013 910; baseline -0.002 -17"><span class='ocrx_word' id='word_1_44' title='bbox 109 837 209 910; x_wconf 78' lang='lat' dir='ltr'><strong>Quam</strong></span> <span class='ocrx_word' id='word_1_45' title='bbox 222 836 374 893; x_wconf 91' lang='lat' dir='ltr'><strong>tumulum</strong></span> <span class='ocrx_word' id='word_1_46' title='bbox 390 835 532 910; x_wconf 82' lang='lat' dir='ltr'><strong>antiquae</strong></span> <span class='ocrx_word' id='word_1_47' title='bbox 549 835 668 893; x_wconf 81' lang='lat' dir='ltr'><strong>Cereris</strong></span> <span class='ocrx_word' id='word_1_48' title='bbox 683 837 844 910; x_wconf 89' lang='lat' dir='ltr'><strong>sedemque</strong></span> <span class='ocrx_word' id='word_1_49' title='bbox 859 837 1013 892; x_wconf 86' lang='lat' dir='ltr'><strong>sacrata-m</strong></span> 
     </span>
    </p>

    <p class='ocr_par' dir='ltr' id='par_1_9' title="bbox 108 915 862 989">
     <span class='ocr_line' id='line_1_9' title="bbox 108 915 862 989; baseline -0.004 -16"><span class='ocrx_word' id='word_1_50' title='bbox 108 916 276 989; x_wconf 82' lang='lat' dir='ltr'><strong>Venimus3</strong></span> <span class='ocrx_word' id='word_1_51' title='bbox 298 915 347 972; x_wconf 92' lang='lat' dir='ltr'><strong>hic</strong></span> <span class='ocrx_word' id='word_1_52' title='bbox 362 915 483 972; x_wconf 90' lang='lat' dir='ltr'><strong>demum</strong></span> <span class='ocrx_word' id='word_1_53' title='bbox 498 915 634 972; x_wconf 88' lang='lat' dir='ltr'><strong>collectis</strong></span> <span class='ocrx_word' id='word_1_54' title='bbox 647 916 786 972; x_wconf 88' lang='lat' dir='ltr'><strong>omuibus</strong></span> <span class='ocrx_word' id='word_1_55' title='bbox 801 931 862 971; x_wconf 90' lang='lat' dir='ltr'><strong>una</strong></span> 
     </span>
    </p>

    <p class='ocr_par' dir='ltr' id='par_1_10' title="bbox 108 994 889 1071">
     <span class='ocr_line' id='line_1_10' title="bbox 108 994 889 1071; baseline -0.005 -17"><span class='ocrx_word' id='word_1_56' title='bbox 108 996 221 1067; x_wconf 88' lang='lat' dir='ltr'><strong>Defuit,</strong></span> <span class='ocrx_word' id='word_1_57' title='bbox 236 1000 268 1052; x_wconf 89' lang='lat' dir='ltr'><strong>et</strong></span> <span class='ocrx_word' id='word_1_58' title='bbox 282 996 408 1052; x_wconf 83' lang='lat' dir='ltr'><strong>comites</strong></span> <span class='ocrx_word' id='word_1_59' title='bbox 422 1000 587 1070; x_wconf 85' lang='lat' dir='ltr'><strong>natumque</strong></span> <span class='ocrx_word' id='word_1_60' title='bbox 596 995 760 1071; x_wconf 87' lang='lat' dir='ltr'><strong>virumque</strong></span> <span class='ocrx_word' id='word_1_61' title='bbox 776 994 889 1052; x_wconf 86' lang='lat' dir='ltr'><strong>fefellit.</strong></span> 
     </span>
    </p>

    <p class='ocr_par' dir='ltr' id='par_1_11' title="bbox 109 1071 1053 1150">
     <span class='ocr_line' id='line_1_11' title="bbox 109 1071 1053 1150; baseline -0.001 -18"><span class='ocrx_word' id='word_1_62' title='bbox 109 1076 207 1149; x_wconf 78' lang='lat' dir='ltr'><strong>Quem</strong></span> <span class='ocrx_word' id='word_1_63' title='bbox 221 1093 281 1132; x_wconf 90' lang='lat' dir='ltr'><strong>uon</strong></span> <span class='ocrx_word' id='word_1_64' title='bbox 295 1074 433 1132; x_wconf 84' lang='lat' dir='ltr'><strong>incusavi</strong></span> <span class='ocrx_word' id='word_1_65' title='bbox 448 1091 553 1132; x_wconf 88' lang='lat' dir='ltr'><strong>amens</strong></span> <span class='ocrx_word' id='word_1_66' title='bbox 562 1074 777 1150; x_wconf 90' lang='lat' dir='ltr'><strong>hominumque</strong></span> <span class='ocrx_word' id='word_1_67' title='bbox 787 1074 979 1148; x_wconf 86' lang='lat' dir='ltr'><strong>deorumque,</strong></span> <span class='ocrx_word' id='word_1_68' title='bbox 993 1071 1011 1134; x_wconf 99' lang='grc'><strong>7</strong></span> <span class='ocrx_word' id='word_1_69' title='bbox 1015 1073 1053 1131; x_wconf 80' lang='grc'><strong>45</strong></span> 
     </span>
    </p>

    <p class='ocr_par' dir='ltr' id='par_1_12' title="bbox 109 1153 781 1231">
     <span class='ocr_line' id='line_1_12' title="bbox 109 1153 781 1231; baseline 0.003 -17"><span class='ocrx_word' id='word_1_70' title='bbox 109 1156 175 1214; x_wconf 93' lang='lat' dir='ltr'><strong>Aut</strong></span> <span class='ocrx_word' id='word_1_71' title='bbox 189 1155 261 1231; x_wconf 93' lang='lat' dir='ltr'><strong>quid</strong></span> <span class='ocrx_word' id='word_1_72' title='bbox 275 1155 307 1211; x_wconf 90' lang='lat' dir='ltr'><strong>ia</strong></span> <span class='ocrx_word' id='word_1_73' title='bbox 321 1172 428 1212; x_wconf 90' lang='lat' dir='ltr'><strong>eversa</strong></span> <span class='ocrx_word' id='word_1_74' title='bbox 442 1154 507 1211; x_wconf 91' lang='lat' dir='ltr'><strong>vidi</strong></span> <span class='ocrx_word' id='word_1_75' title='bbox 522 1155 672 1223; x_wconf 78' lang='lat' dir='ltr'><strong>crudelius</strong></span> <span class='ocrx_word' id='word_1_76' title='bbox 685 1153 781 1216; x_wconf 82' lang='lat' dir='ltr'><strong>urbe?</strong></span> 
     </span>
    </p>

    <p class='ocr_par' dir='ltr' id='par_1_13' title="bbox 110 1232 997 1310">
     <span class='ocr_line' id='line_1_13' title="bbox 110 1232 997 1310; baseline -0.006 -17"><span class='ocrx_word' id='word_1_77' title='bbox 110 1235 279 1293; x_wconf 87' lang='lat' dir='ltr'><strong>Ascanium</strong></span> <span class='ocrx_word' id='word_1_78' title='bbox 294 1235 508 1308; x_wconf 86' lang='lat' dir='ltr'><strong>Anchisenque</strong></span> <span class='ocrx_word' id='word_1_79' title='bbox 522 1238 640 1309; x_wconf 79' lang='lat' dir='ltr'><strong>patrem</strong></span> <span class='ocrx_word' id='word_1_80' title='bbox 657 1234 847 1310; x_wconf 85' lang='lat' dir='ltr'><strong>Teucrosque</strong></span> <span class='ocrx_word' id='word_1_81' title='bbox 862 1232 997 1290; x_wconf 85' lang='lat' dir='ltr'><strong>Penates</strong></span> 
     </span>
    </p>

    <p class='ocr_par' dir='ltr' id='par_1_14' title="bbox 112 1314 826 1388">
     <span class='ocr_line' id='line_1_14' title="bbox 112 1314 826 1388; baseline -0.003 -15"><span class='ocrx_word' id='word_1_82' title='bbox 112 1314 299 1373; x_wconf 80' lang='lat' dir='ltr'><strong>Commendo</strong></span> <span class='ocrx_word' id='word_1_83' title='bbox 313 1314 412 1384; x_wconf 85' lang='lat' dir='ltr'><strong>sociis,</strong></span> <span class='ocrx_word' id='word_1_84' title='bbox 428 1319 459 1370; x_wconf 92' lang='lat' dir='ltr'><strong>et</strong></span> <span class='ocrx_word' id='word_1_85' title='bbox 474 1331 567 1371; x_wconf 87' lang='lat' dir='ltr'><strong>curva</strong></span> <span class='ocrx_word' id='word_1_86' title='bbox 582 1314 661 1371; x_wconf 89' lang='lat' dir='ltr'><strong>valle</strong></span> <span class='ocrx_word' id='word_1_87' title='bbox 675 1314 805 1372; x_wconf 87' lang='lat' dir='ltr'><strong>recondo</strong></span> <span class='ocrx_word' id='word_1_88' title='bbox 819 1334 826 1388; x_wconf 87' lang='lat'>;</span> 
     </span>
    </p>

    <p class='ocr_par' dir='ltr' id='par_1_15' title="bbox 112 1389 950 1473">
     <span class='ocr_line' id='line_1_15' title="bbox 112 1389 950 1473; baseline -0.002 -21"><span class='ocrx_word' id='word_1_89' title='bbox 112 1395 199 1473; x_wconf 90' lang='lat' dir='ltr'><strong>[lpse</strong></span> <span class='ocrx_word' id='word_1_90' title='bbox 214 1394 318 1451; x_wconf 91' lang='lat' dir='ltr'><strong>urbem</strong></span> <span class='ocrx_word' id='word_1_91' title='bbox 332 1399 443 1469; x_wconf 89' lang='lat' dir='ltr'><strong>repeto,</strong></span> <span class='ocrx_word' id='word_1_92' title='bbox 459 1400 490 1451; x_wconf 91' lang='lat' dir='ltr'><strong>et</strong></span> <span class='ocrx_word' id='word_1_93' title='bbox 505 1394 610 1468; x_wconf 84' lang='lat' dir='ltr'><strong>cingor</strong></span> <span class='ocrx_word' id='word_1_94' title='bbox 623 1394 810 1468; x_wconf 87' lang='lat' dir='ltr'><strong>fulgentibus</strong></span> <span class='ocrx_word' id='word_1_95' title='bbox 826 1389 950 1468; x_wconf 91' lang='lat' dir='ltr'><strong>armis:]</strong></span> 
     </span>
    </p>

    <p class='ocr_par' dir='ltr' id='par_1_16' title="bbox 114 1470 1056 1548">
     <span class='ocr_line' id='line_1_16' title="bbox 114 1470 1056 1548; baseline -0.003 -17"><span class='ocrx_word' id='word_1_96' title='bbox 114 1473 184 1532; x_wconf 81' lang='lat' dir='ltr'><strong>Stat</strong></span> <span class='ocrx_word' id='word_1_97' title='bbox 198 1491 286 1531; x_wconf 88' lang='lat' dir='ltr'><strong>casus</strong></span> <span class='ocrx_word' id='word_1_98' title='bbox 300 1490 445 1530; x_wconf 88' lang='lat' dir='ltr'><strong>renovare</strong></span> <span class='ocrx_word' id='word_1_99' title='bbox 460 1491 765 1548; x_wconf 85' lang='lat' dir='ltr'><strong>omues‚omnen1que</strong></span> <span class='ocrx_word' id='word_1_100' title='bbox 780 1472 891 1530; x_wconf 89' lang='lat' dir='ltr'><strong>reverti</strong></span> <span class='ocrx_word' id='word_1_101' title='bbox 996 1470 1056 1533; x_wconf 83' lang='grc'><strong>750</strong></span> 
     </span>
    </p>

    <p class='ocr_par' dir='ltr' id='par_1_17' title="bbox 113 1553 961 1709">
     <span class='ocr_line' id='line_1_17' title="bbox 113 1553 961 1628; baseline -0.005 -16"><span class='ocrx_word' id='word_1_102' title='bbox 113 1553 172 1612; x_wconf 90' lang='lat' dir='ltr'><strong>Per</strong></span> <span class='ocrx_word' id='word_1_103' title='bbox 187 1554 316 1628; x_wconf 82' lang='lat' dir='ltr'><strong>Trojam,</strong></span> <span class='ocrx_word' id='word_1_104' title='bbox 332 1559 363 1611; x_wconf 91' lang='lat' dir='ltr'><strong>et</strong></span> <span class='ocrx_word' id='word_1_105' title='bbox 376 1571 480 1610; x_wconf 88' lang='lat' dir='ltr'><strong>rursus</strong></span> <span class='ocrx_word' id='word_1_106' title='bbox 495 1559 588 1628; x_wconf 91' lang='lat' dir='ltr'><strong>eaput</strong></span> <span class='ocrx_word' id='word_1_107' title='bbox 601 1555 749 1627; x_wconf 90' lang='lat' dir='ltr'><strong>objectare</strong></span> <span class='ocrx_word' id='word_1_108' title='bbox 763 1553 889 1628; x_wconf 87' lang='lat' dir='ltr'><strong>periclis.</strong></span> <span class='ocrx_word' id='word_1_109' title='bbox 955 1588 961 1600; x_wconf 84' lang='lat'><strong>·</strong></span> 
     </span>
     <span class='ocr_line' id='line_1_18' title="bbox 153 1634 871 1709; baseline -0.003 -17"><span class='ocrx_word' id='word_1_110' title='bbox 153 1634 304 1709; x_wconf 91' lang='lat' dir='ltr'><strong>Principio</strong></span> <span class='ocrx_word' id='word_1_111' title='bbox 319 1650 421 1690; x_wconf 89' lang='lat' dir='ltr'><strong>muros</strong></span> <span class='ocrx_word' id='word_1_112' title='bbox 439 1634 624 1708; x_wconf 85' lang='lat' dir='ltr'><strong>obscuraque</strong></span> <span class='ocrx_word' id='word_1_113' title='bbox 639 1634 746 1691; x_wconf 83' lang='lat' dir='ltr'><strong>limine</strong></span> <span class='ocrx_word' id='word_1_114' title='bbox 759 1638 871 1708; x_wconf 85' lang='lat' dir='ltr'><strong>portae,</strong></span> 
     </span>
    </p>

    <p class='ocr_par' dir='ltr' id='par_1_18' title="bbox 113 1713 941 1788">
     <span class='ocr_line' id='line_1_19' title="bbox 113 1713 941 1788; baseline -0.001 -18"><span class='ocrx_word' id='word_1_115' title='bbox 113 1714 182 1786; x_wconf 84' lang='lat' dir='ltr'><strong>Qua</strong></span> <span class='ocrx_word' id='word_1_116' title='bbox 196 1731 334 1788; x_wconf 81' lang='lat' dir='ltr'><strong>gressum</strong></span> <span class='ocrx_word' id='word_1_117' title='bbox 349 1713 524 1783; x_wconf 84' lang='lat' dir='ltr'><strong>extuleram,</strong></span> <span class='ocrx_word' id='word_1_118' title='bbox 541 1719 652 1788; x_wconf 88' lang='lat' dir='ltr'><strong>repeto,</strong></span> <span class='ocrx_word' id='word_1_119' title='bbox 668 1719 700 1770; x_wconf 94' lang='lat' dir='ltr'><strong>et</strong></span> <span class='ocrx_word' id='word_1_120' title='bbox 715 1713 847 1788; x_wconf 83' lang='lat' dir='ltr'><strong>vestigia</strong></span> <span class='ocrx_word' id='word_1_121' title='bbox 860 1716 941 1769; x_wconf 87' lang='lat' dir='ltr'><strong>retro</strong></span> 
     </span>
    </p>

    <p class='ocr_par' dir='ltr' id='par_1_19' title="bbox 113 1793 902 1869">
     <span class='ocr_line' id='line_1_20' title="bbox 113 1793 902 1869; baseline 0 -19"><span class='ocrx_word' id='word_1_122' title='bbox 113 1793 283 1851; x_wconf 84' lang='lat' dir='ltr'><strong>Observata</strong></span> <span class='ocrx_word' id='word_1_123' title='bbox 297 1810 406 1869; x_wconf 90' lang='lat' dir='ltr'><strong>sequor</strong></span> <span class='ocrx_word' id='word_1_124' title='bbox 419 1810 475 1866; x_wconf 87' lang='lat' dir='ltr'><strong>per</strong></span> <span class='ocrx_word' id='word_1_125' title='bbox 489 1799 609 1850; x_wconf 89' lang='lat' dir='ltr'><strong>noctem</strong></span> <span class='ocrx_word' id='word_1_126' title='bbox 623 1799 655 1850; x_wconf 92' lang='lat' dir='ltr'><strong>et</strong></span> <span class='ocrx_word' id='word_1_127' title='bbox 669 1793 782 1850; x_wconf 89' lang='lat' dir='ltr'><strong>lumine</strong></span> <span class='ocrx_word' id='word_1_128' title='bbox 797 1793 902 1850; x_wconf 89' lang='lat' dir='ltr'><strong>lustro.</strong></span> 
     </span>
    </p>

    <p class='ocr_par' dir='ltr' id='par_1_20' title="bbox 113 1869 1056 1948">
     <span class='ocr_line' id='line_1_21' title="bbox 113 1869 1056 1948; baseline -0.001 -18"><span class='ocrx_word' id='word_1_129' title='bbox 113 1872 229 1930; x_wconf 88' lang='lat' dir='ltr'><strong>Horror</strong></span> <span class='ocrx_word' id='word_1_130' title='bbox 243 1873 352 1947; x_wconf 91' lang='lat' dir='ltr'><strong>ubique</strong></span> <span class='ocrx_word' id='word_1_131' title='bbox 368 1873 478 1943; x_wconf 86' lang='lat' dir='ltr'><strong>auimo,</strong></span> <span class='ocrx_word' id='word_1_132' title='bbox 495 1873 585 1929; x_wconf 86' lang='lat' dir='ltr'><strong>simul</strong></span> <span class='ocrx_word' id='word_1_133' title='bbox 600 1873 667 1948; x_wconf 89' lang='lat' dir='ltr'><strong>ipsa</strong></span> <span class='ocrx_word' id='word_1_134' title='bbox 681 1872 804 1929; x_wconf 89' lang='lat' dir='ltr'><strong>silentia</strong></span> <span class='ocrx_word' id='word_1_135' title='bbox 818 1875 940 1930; x_wconf 89' lang='lat' dir='ltr'><strong>terrent.</strong></span> <span class='ocrx_word' id='word_1_136' title='bbox 996 1869 1056 1931; x_wconf 88' lang='grc'><strong>755</strong></span> 
     </span>
    </p>

    <p class='ocr_par' dir='ltr' id='par_1_21' title="bbox 37 1951 971 2027">
     <span class='ocr_line' id='line_1_22' title="bbox 37 1951 971 2027; baseline -0.003 -17"><span class='ocrx_word' id='word_1_137' title='bbox 37 1975 39 1979; x_wconf 64' lang='grc'>’</span> <span class='ocrx_word' id='word_1_138' title='bbox 112 1951 187 2010; x_wconf 90' lang='lat' dir='ltr'><strong>Inde</strong></span> <span class='ocrx_word' id='word_1_139' title='bbox 203 1952 333 2023; x_wconf 90' lang='lat' dir='ltr'><strong>domum,</strong></span> <span class='ocrx_word' id='word_1_140' title='bbox 350 1954 376 2009; x_wconf 88' lang='lat' dir='ltr'><strong>si</strong></span> <span class='ocrx_word' id='word_1_141' title='bbox 392 1953 468 2009; x_wconf 90' lang='lat' dir='ltr'><strong>forte</strong></span> <span class='ocrx_word' id='word_1_142' title='bbox 482 1953 589 2027; x_wconf 92' lang='lat' dir='ltr'><strong>pedem</strong></span> <span class='ocrx_word' id='word_1_143' title='bbox 599 1989 637 2000; x_wconf 90' lang='lat'>-</span> <span class='ocrx_word' id='word_1_144' title='bbox 647 1953 673 2010; x_wconf 91' lang='lat' dir='ltr'><strong>si</strong></span> <span class='ocrx_word' id='word_1_145' title='bbox 689 1953 764 2009; x_wconf 90' lang='lat' dir='ltr'><strong>forte</strong></span> <span class='ocrx_word' id='word_1_146' title='bbox 775 1951 781 2010; x_wconf 92' lang='grc' dir='ltr'>Ι</span> <span class='ocrx_word' id='word_1_147' title='bbox 792 1951 971 2019; x_wconf 80' lang='lat' dir='ltr'><strong>-tulisset</strong></span> 
     </span>
    </p>

    <p class='ocr_par' dir='ltr' id='par_1_22' title="bbox 112 2029 1055 2103">
     <span class='ocr_line' id='line_1_23' title="bbox 112 2029 1055 2103; baseline -0.002 -13"><span class='ocrx_word' id='word_1_148' title='bbox 112 2031 164 2090; x_wconf 86' lang='lat' dir='ltr'><strong>Me</strong></span> <span class='ocrx_word' id='word_1_149' title='bbox 179 2033 285 2090; x_wconf 89' lang='lat' dir='ltr'><strong>refero.</strong></span> <span class='ocrx_word' id='word_1_150' title='bbox 329 2032 482 2090; x_wconf 88' lang='lat' dir='ltr'><strong>Irruerant</strong></span> <span class='ocrx_word' id='word_1_151' title='bbox 498 2031 605 2103; x_wconf 88' lang='lat' dir='ltr'><strong>Danai,</strong></span> <span class='ocrx_word' id='word_1_152' title='bbox 621 2038 653 2089; x_wconf 94' lang='lat' dir='ltr'><strong>et</strong></span> <span class='ocrx_word' id='word_1_153' title='bbox 666 2037 781 2089; x_wconf 86' lang='lat' dir='ltr'><strong>tectum</strong></span> <span class='ocrx_word' id='word_1_154' title='bbox 796 2048 884 2088; x_wconf 90' lang='lat' dir='ltr'><strong>omne</strong></span> <span class='ocrx_word' id='word_1_155' title='bbox 899 2029 1055 2088; x_wconf 82' lang='lat' dir='ltr'><strong>tenebant</strong></span> 
     </span>
    </p>

    <p class='ocr_par' dir='ltr' id='par_1_23' title="bbox 111 2112 920 2186">
     <span class='ocr_line' id='line_1_24' title="bbox 111 2112 920 2186; baseline -0.004 -15"><span class='ocrx_word' id='word_1_156' title='bbox 111 2112 200 2171; x_wconf 89' lang='lat' dir='ltr'><strong>Ilicet</strong></span> <span class='ocrx_word' id='word_1_157' title='bbox 213 2112 294 2186; x_wconf 84' lang='lat' dir='ltr'><strong>ignis</strong></span> <span class='ocrx_word' id='word_1_158' title='bbox 309 2113 386 2170; x_wconf 84' lang='lat' dir='ltr'><strong>edax</strong></span> <span class='ocrx_word' id='word_1_159' title='bbox 400 2129 519 2169; x_wconf 91' lang='lat' dir='ltr'><strong>summa</strong></span> <span class='ocrx_word' id='word_1_160' title='bbox 535 2112 573 2170; x_wconf 90' lang='lat' dir='ltr'><strong>ad</strong></span> <span class='ocrx_word' id='word_1_161' title='bbox 588 2112 712 2186; x_wconf 81' lang='lat' dir='ltr'><strong>fastigia</strong></span> <span class='ocrx_word' id='word_1_162' title='bbox 723 2116 815 2168; x_wconf 89' lang='lat' dir='ltr'><strong>vento</strong></span> <span class='ocrx_word' id='word_1_163' title='bbox 914 2156 920 2168; x_wconf 66' lang='lat'><strong>.,</strong></span> 
     </span>
    </p>

    <p class='ocr_par' dir='ltr' id='par_1_24' title="bbox 112 2189 983 2266">
     <span class='ocr_line' id='line_1_25' title="bbox 112 2189 983 2266; baseline -0.002 -16"><span class='ocrx_word' id='word_1_164' title='bbox 112 2191 273 2265; x_wconf 80' lang='lat' dir='ltr'><strong>Volvitur3</strong></span> <span class='ocrx_word' id='word_1_165' title='bbox 285 2197 469 2266; x_wconf 86' lang='lat' dir='ltr'><strong>exsuperant</strong></span> <span class='ocrx_word' id='word_1_166' title='bbox 478 2191 625 2262; x_wconf 85' lang='lat' dir='ltr'><strong>flammae,</strong></span> <span class='ocrx_word' id='word_1_167' title='bbox 635 2192 708 2248; x_wconf 87' lang='lat' dir='ltr'><strong>furit</strong></span> <span class='ocrx_word' id='word_1_168' title='bbox 720 2196 822 2248; x_wconf 86' lang='lat' dir='ltr'><strong>aestus</strong></span> <span class='ocrx_word' id='word_1_169' title='bbox 834 2189 873 2247; x_wconf 89' lang='lat' dir='ltr'><strong>ad</strong></span> <span class='ocrx_word' id='word_1_170' title='bbox 884 2204 983 2248; x_wconf 85' lang='lat' dir='ltr'><strong>auras.</strong></span> 
     </span>
    </p>

    <p class='ocr_par' dir='ltr' id='par_1_25' title="bbox 114 2269 1055 2346">
     <span class='ocr_line' id='line_1_26' title="bbox 114 2269 1055 2346; baseline -0.002 -16"><span class='ocrx_word' id='word_1_171' title='bbox 114 2272 247 2330; x_wconf 89' lang='lat' dir='ltr'><strong>Procedo</strong></span> <span class='ocrx_word' id='word_1_172' title='bbox 262 2278 293 2329; x_wconf 90' lang='lat' dir='ltr'><strong>et</strong></span> <span class='ocrx_word' id='word_1_173' title='bbox 309 2271 424 2328; x_wconf 86' lang='lat' dir='ltr'><strong>Priami</strong></span> <span class='ocrx_word' id='word_1_174' title='bbox 439 2270 527 2328; x_wconf 89' lang='lat' dir='ltr'><strong>sedes</strong></span> <span class='ocrx_word' id='word_1_175' title='bbox 542 2288 699 2346; x_wconf 87' lang='lat' dir='ltr'><strong>arcemque</strong></span> <span class='ocrx_word' id='word_1_176' title='bbox 714 2271 822 2328; x_wconf 88' lang='lat' dir='ltr'><strong>reviso.</strong></span> <span class='ocrx_word' id='word_1_177' title='bbox 897 2332 899 2336; x_wconf 61' lang='grc'>,</span> <span class='ocrx_word' id='word_1_178' title='bbox 998 2269 1055 2330; x_wconf 84' lang='grc'><strong>780</strong></span> 
     </span>
    </p>

    <p class='ocr_par' dir='ltr' id='par_1_26' title="bbox 113 2350 788 2426">
     <span class='ocr_line' id='line_1_27' title="bbox 113 2350 788 2426; baseline -0.006 -16"><span class='ocrx_word' id='word_1_179' title='bbox 113 2351 155 2410; x_wconf 83' lang='lat' dir='ltr'><strong>Et</strong></span> <span class='ocrx_word' id='word_1_180' title='bbox 171 2354 235 2426; x_wconf 86' lang='lat' dir='ltr'><strong>jam</strong></span> <span class='ocrx_word' id='word_1_181' title='bbox 249 2352 416 2426; x_wconf 88' lang='lat' dir='ltr'><strong>porticibus</strong></span> <span class='ocrx_word' id='word_1_182' title='bbox 432 2351 537 2408; x_wconf 90' lang='lat' dir='ltr'><strong>vacuis</strong></span> <span class='ocrx_word' id='word_1_183' title='bbox 551 2351 684 2408; x_wconf 85' lang='lat' dir='ltr'><strong>Juuonis</strong></span> <span class='ocrx_word' id='word_1_184' title='bbox 700 2350 788 2425; x_wconf 85' lang='lat' dir='ltr'><strong>asylo</strong></span> 
     </span>
    </p>

    <p class='ocr_par' dir='ltr' id='par_1_27' title="bbox 114 2430 771 2491">
     <span class='ocr_line' id='line_1_28' title="bbox 114 2430 771 2491; baseline -0.005 -1"><span class='ocrx_word' id='word_1_185' title='bbox 114 2431 266 2491; x_wconf 85' lang='lat' dir='ltr'><strong>Custodes</strong></span> <span class='ocrx_word' id='word_1_186' title='bbox 281 2431 349 2488; x_wconf 90' lang='lat' dir='ltr'><strong>lecti</strong></span> <span class='ocrx_word' id='word_1_187' title='bbox 366 2430 504 2488; x_wconf 88' lang='lat' dir='ltr'><strong>Phoenix</strong></span> <span class='ocrx_word' id='word_1_188' title='bbox 518 2436 549 2487; x_wconf 91' lang='lat' dir='ltr'><strong>et</strong></span> <span class='ocrx_word' id='word_1_189' title='bbox 564 2430 648 2487; x_wconf 90' lang='lat' dir='ltr'><strong>dirus</strong></span> <span class='ocrx_word' id='word_1_190' title='bbox 663 2430 771 2488; x_wconf 89' lang='lat' dir='ltr'><strong>Ulixes</strong></span> 
     </span>
    </p>

    <p class='ocr_par' dir='ltr' id='par_1_28' title="bbox 114 2510 919 2585">
     <span class='ocr_line' id='line_1_29' title="bbox 114 2510 919 2585; baseline -0.002 -16"><span class='ocrx_word' id='word_1_191' title='bbox 114 2511 264 2569; x_wconf 88' lang='lat' dir='ltr'><strong>Praedam</strong></span> <span class='ocrx_word' id='word_1_192' title='bbox 279 2511 496 2568; x_wconf 88' lang='lat' dir='ltr'><strong>asservabant:</strong></span> <span class='ocrx_word' id='word_1_193' title='bbox 519 2510 577 2566; x_wconf 92' lang='lat' dir='ltr'><strong>huc</strong></span> <span class='ocrx_word' id='word_1_194' title='bbox 592 2510 722 2585; x_wconf 92' lang='lat' dir='ltr'><strong>undique</strong></span> <span class='ocrx_word' id='word_1_195' title='bbox 738 2510 828 2567; x_wconf 82' lang='lat' dir='ltr'><strong>Troia</strong></span> <span class='ocrx_word' id='word_1_196' title='bbox 842 2525 919 2585; x_wconf 86' lang='lat' dir='ltr'><strong>gaza</strong></span> 
     </span>
    </p>

    <p class='ocr_par' dir='ltr' id='par_1_29' title="bbox 113 2591 842 2667">
     <span class='ocr_line' id='line_1_30' title="bbox 113 2591 842 2667; baseline -0.003 -19"><span class='ocrx_word' id='word_1_197' title='bbox 113 2591 251 2648; x_wconf 88' lang='lat' dir='ltr'><strong>Incensis</strong></span> <span class='ocrx_word' id='word_1_198' title='bbox 265 2598 369 2667; x_wconf 89' lang='lat' dir='ltr'><strong>erepta</strong></span> <span class='ocrx_word' id='word_1_199' title='bbox 383 2591 495 2664; x_wconf 83' lang='lat' dir='ltr'><strong>adytis,</strong></span> <span class='ocrx_word' id='word_1_200' title='bbox 507 2607 692 2665; x_wconf 88' lang='lat' dir='ltr'><strong>mensaeque</strong></span> <span class='ocrx_word' id='word_1_201' title='bbox 708 2591 842 2660; x_wconf 89' lang='lat' dir='ltr'><strong>deorum,</strong></span> 
     </span>
    </p>

    <p class='ocr_par' dir='ltr' id='par_1_30' title="bbox 116 2668 1056 2746">
     <span class='ocr_line' id='line_1_31' title="bbox 116 2668 1056 2746; baseline -0.003 -16"><span class='ocrx_word' id='word_1_202' title='bbox 116 2671 315 2746; x_wconf 75' lang='lat' dir='ltr'><strong>crateresque</strong></span> <span class='ocrx_word' id='word_1_203' title='bbox 331 2687 403 2728; x_wconf 90' lang='lat' dir='ltr'><strong>auro</strong></span> <span class='ocrx_word' id='word_1_204' title='bbox 419 2670 516 2739; x_wconf 87' lang='lat' dir='ltr'><strong>solidi,</strong></span> <span class='ocrx_word' id='word_1_205' title='bbox 529 2671 708 2744; x_wconf 91' lang='lat' dir='ltr'><strong>captivaque</strong></span> <span class='ocrx_word' id='word_1_206' title='bbox 722 2669 817 2727; x_wconf 88' lang='lat' dir='ltr'><strong>vestis</strong></span> <span class='ocrx_word' id='word_1_207' title='bbox 1000 2668 1056 2730; x_wconf 87' lang='grc'><strong>765</strong></span> 
     </span>
    </p>

    <p class='ocr_par' dir='ltr' id='par_1_31' title="bbox 116 2749 968 2827">
     <span class='ocr_line' id='line_1_32' title="bbox 116 2749 968 2827; baseline -0.005 -18"><span class='ocrx_word' id='word_1_208' title='bbox 116 2750 317 2826; x_wconf 79' lang='lat' dir='ltr'><strong>Congcritur3</strong></span> <span class='ocrx_word' id='word_1_209' title='bbox 340 2751 424 2827; x_wconf 90' lang='lat' dir='ltr'><strong>pueri</strong></span> <span class='ocrx_word' id='word_1_210' title='bbox 439 2754 470 2808; x_wconf 93' lang='lat' dir='ltr'><strong>et</strong></span> <span class='ocrx_word' id='word_1_211' title='bbox 484 2749 614 2826; x_wconf 92' lang='lat' dir='ltr'><strong>pavidae</strong></span> <span class='ocrx_word' id='word_1_212' title='bbox 628 2750 720 2824; x_wconf 84' lang='lat' dir='ltr'><strong>longo</strong></span> <span class='ocrx_word' id='word_1_213' title='bbox 735 2749 837 2807; x_wconf 89' lang='lat' dir='ltr'><strong>ordine</strong></span> <span class='ocrx_word' id='word_1_214' title='bbox 853 2754 968 2805; x_wconf 89' lang='lat' dir='ltr'><strong>matres</strong></span> 
     </span>
    </p>

    <p class='ocr_par' dir='ltr' id='par_1_32' title="bbox 117 2830 340 2889">
     <span class='ocr_line' id='line_1_33' title="bbox 117 2830 340 2889; baseline 0 0"><span class='ocrx_word' id='word_1_215' title='bbox 117 2830 208 2889; x_wconf 85' lang='lat' dir='ltr'><strong>Stant</strong></span> <span class='ocrx_word' id='word_1_216' title='bbox 222 2831 340 2889; x_wconf 88' lang='lat' dir='ltr'><strong>circum.</strong></span> 
     </span>
    </p>

    <p class='ocr_par' dir='ltr' id='par_1_33' title="bbox 116 2909 883 2986">
     <span class='ocr_line' id='line_1_34' title="bbox 116 2909 883 2986; baseline -0.004 -18"><span class='ocrx_word' id='word_1_217' title='bbox 116 2911 221 2969; x_wconf 86' lang='lat' dir='ltr'><strong>Ausus</strong></span> <span class='ocrx_word' id='word_1_218' title='bbox 235 2911 308 2986; x_wconf 89' lang='lat' dir='ltr'><strong>quin</strong></span> <span class='ocrx_word' id='word_1_219' title='bbox 323 2910 416 2967; x_wconf 86' lang='lat' dir='ltr'><strong>etiam</strong></span> <span class='ocrx_word' id='word_1_220' title='bbox 432 2927 523 2967; x_wconf 87' lang='lat' dir='ltr'><strong>voces</strong></span> <span class='ocrx_word' id='word_1_221' title='bbox 539 2911 655 2984; x_wconf 87' lang='lat' dir='ltr'><strong>jactare</strong></span> <span class='ocrx_word' id='word_1_222' title='bbox 669 2926 724 2985; x_wconf 89' lang='lat' dir='ltr'><strong>per</strong></span> <span class='ocrx_word' id='word_1_223' title='bbox 737 2909 883 2980; x_wconf 88' lang='lat' dir='ltr'><strong>umbram,</strong></span> 
     </span>
    </p>

    <p class='ocr_par' dir='ltr' id='par_1_34' title="bbox 116 2989 847 3064">
     <span class='ocr_line' id='line_1_35' title="bbox 116 2989 847 3064; baseline -0.005 -16"><span class='ocrx_word' id='word_1_224' title='bbox 116 2990 236 3064; x_wconf 90' lang='lat' dir='ltr'><strong>Inplevi</strong></span> <span class='ocrx_word' id='word_1_225' title='bbox 251 2991 383 3047; x_wconf 87' lang='lat' dir='ltr'><strong>elamore</strong></span> <span class='ocrx_word' id='word_1_226' title='bbox 399 2989 474 3058; x_wconf 87' lang='lat' dir='ltr'><strong>vias,</strong></span> <span class='ocrx_word' id='word_1_227' title='bbox 492 2995 685 3064; x_wconf 89' lang='lat' dir='ltr'><strong>maestusque</strong></span> <span class='ocrx_word' id='word_1_228' title='bbox 703 2989 847 3046; x_wconf 83' lang='lat' dir='ltr'><strong>Greiisam</strong></span> 
     </span>
    </p>

    <p class='ocr_par' dir='ltr' id='par_1_35' title="bbox 115 3067 1060 3144">
     <span class='ocr_line' id='line_1_36' title="bbox 115 3067 1060 3144; baseline -0.001 -17"><span class='ocrx_word' id='word_1_229' title='bbox 115 3067 1060 3144; x_wconf 76' lang='lat' dir='ltr'><strong>Nequidquamingeminansiterumqueiterumquevocavi&#39;lld</strong></span> 
     </span>
    </p>

    <p class='ocr_par' dir='ltr' id='par_1_36' title="bbox 115 3147 803 3223">
     <span class='ocr_line' id='line_1_37' title="bbox 115 3147 803 3223; baseline -0.001 -18"><span class='ocrx_word' id='word_1_230' title='bbox 115 3149 282 3223; x_wconf 77' lang='lat' dir='ltr'><strong>Quaerenti</strong></span> <span class='ocrx_word' id='word_1_231' title='bbox 296 3154 328 3206; x_wconf 91' lang='lat' dir='ltr'><strong>et</strong></span> <span class='ocrx_word' id='word_1_232' title='bbox 342 3149 430 3205; x_wconf 88' lang='lat' dir='ltr'><strong>tectis</strong></span> <span class='ocrx_word' id='word_1_233' title='bbox 445 3148 528 3204; x_wconf 90' lang='lat' dir='ltr'><strong>urbis</strong></span> <span class='ocrx_word' id='word_1_234' title='bbox 544 3149 608 3204; x_wconf 89' lang='lat' dir='ltr'><strong>sine</strong></span> <span class='ocrx_word' id='word_1_235' title='bbox 624 3147 680 3204; x_wconf 90' lang='lat' dir='ltr'><strong>fine</strong></span> <span class='ocrx_word' id='word_1_236' title='bbox 695 3148 803 3218; x_wconf 87' lang='lat' dir='ltr'><strong>ruenti,</strong></span> 
     </span>
    </p>

    <p class='ocr_par' dir='ltr' id='par_1_37' title="bbox 114 3227 920 3302">
     <span class='ocr_line' id='line_1_38' title="bbox 114 3227 920 3302; baseline -0.004 -17"><span class='ocrx_word' id='word_1_237' title='bbox 114 3228 228 3285; x_wconf 87' lang='lat' dir='ltr'><strong>Infelix</strong></span> <span class='ocrx_word' id='word_1_238' title='bbox 243 3229 437 3285; x_wconf 89' lang='lat' dir='ltr'><strong>simulacrum</strong></span> <span class='ocrx_word' id='word_1_239' title='bbox 453 3233 542 3302; x_wconf 87' lang='lat' dir='ltr'><strong>atque</strong></span> <span class='ocrx_word' id='word_1_240' title='bbox 559 3227 654 3302; x_wconf 86' lang='lat' dir='ltr'><strong>ipsius</strong></span> <span class='ocrx_word' id='word_1_241' title='bbox 669 3227 775 3284; x_wconf 88' lang='lat' dir='ltr'><strong>umbra</strong></span> <span class='ocrx_word' id='word_1_242' title='bbox 791 3227 920 3285; x_wconf 81' lang='lat' dir='ltr'><strong>Oreiisae</strong></span> 
     </span>
    </p>

    <p class='ocr_par' dir='ltr' id='par_1_38' title="bbox 114 3307 856 3381">
     <span class='ocr_line' id='line_1_39' title="bbox 114 3307 856 3381; baseline -0.004 -17"><span class='ocrx_word' id='word_1_243' title='bbox 114 3307 193 3364; x_wconf 88' lang='lat' dir='ltr'><strong>Visa</strong></span> <span class='ocrx_word' id='word_1_244' title='bbox 207 3307 283 3364; x_wconf 90' lang='lat' dir='ltr'><strong>mihi</strong></span> <span class='ocrx_word' id='word_1_245' title='bbox 299 3313 371 3364; x_wconf 88' lang='lat' dir='ltr'><strong>ante</strong></span> <span class='ocrx_word' id='word_1_246' title='bbox 387 3307 489 3364; x_wconf 89' lang='lat' dir='ltr'><strong>oculos</strong></span> <span class='ocrx_word' id='word_1_247' title='bbox 504 3313 535 3364; x_wconf 90' lang='lat' dir='ltr'><strong>et</strong></span> <span class='ocrx_word' id='word_1_248' title='bbox 550 3312 623 3364; x_wconf 88' lang='lat' dir='ltr'><strong>nota</strong></span> <span class='ocrx_word' id='word_1_249' title='bbox 637 3309 732 3381; x_wconf 87' lang='lat' dir='ltr'><strong>major</strong></span> <span class='ocrx_word' id='word_1_250' title='bbox 746 3307 856 3381; x_wconf 79' lang='lat' dir='ltr'><strong>imago.</strong></span> 
     </span>
    </p>

    <p class='ocr_par' dir='ltr' id='par_1_39' title="bbox 99 3381 990 3468">
     <span class='ocr_line' id='line_1_40' title="bbox 99 3381 990 3468; baseline -0.001 -25"><span class='ocrx_word' id='word_1_251' title='bbox 99 3381 269 3464; x_wconf 81' lang='lat' dir='ltr'><strong>Obstupui,</strong></span> <span class='ocrx_word' id='word_1_252' title='bbox 281 3391 500 3468; x_wconf 83' lang='lat' dir='ltr'><strong>steteruntque</strong></span> <span class='ocrx_word' id='word_1_253' title='bbox 513 3405 618 3448; x_wconf 87' lang='lat' dir='ltr'><strong>comae</strong></span> <span class='ocrx_word' id='word_1_254' title='bbox 627 3393 660 3445; x_wconf 86' lang='lat' dir='ltr'><strong>et</strong></span> <span class='ocrx_word' id='word_1_255' title='bbox 668 3385 990 3444; x_wconf 78' lang='lat' dir='ltr'><strong>roxlaueibasbaeslt</strong></span> 
     </span>
    </p>
   </div>
   <div class='ocr_carea' id='block_1_3' title="bbox 0 0 1113 3676">
    <p class='ocr_par' dir='ltr' id='par_1_40' title="bbox 0 0 1113 3676">
     <span class='ocr_line' id='line_1_41' title="bbox 0 0 1113 3676; baseline 0 0"><span class='ocrx_word' id='word_1_256' title='bbox 0 0 1113 3676; x_wconf 95' lang='lat' dir='ltr'><strong> </strong></span> 
     </span>
    </p>
   </div>
  </div>
 </body>
</html>
