2204 3676
110 206 172 268 126
390 219 549 270 1111111111
573 219 712 266 annius
737 218 788 267 vr.

110 370 171 428 Fas
186 372 295 439 obstat,
312 371 451 445 tristique
466 369 554 444 palus
569 369 743 427 inamabilis
757 371 840 428 nude

109 451 236 526 Alligat,
252 458 284 507 ct
297 451 403 507 novies
419 449 497 524 Styx
511 450 659 507 interfusa
674 453 793 508 coercet.

149 532 177 587 N
181 531 320 605 ecprooul
330 530 397 586 hinc
405 535 522 604 partem
531 530 590 586 iusi
599 535 807 586 monstrantur
817 530 849 587 in
859 546 984 590 omnem
996 535 1052 592 446

110 607 265 685 Lugentes
280 610 396 684 oarupi;
419 610 461 666 sic
476 609 545 666 illos
560 610 679 666 nomine
695 609 807 666 dicunt.

110 689 178 759 Hic,
195 707 270 764 quos
285 691 378 746 durus
394 706 478 745 amor
493 689 605 746 crudeli
620 689 690 746 tabe
706 689 832 763 peredit,

110 768 223 826 Secreti
238 769 337 826 colant
351 769 450 838 calles,
467 775 498 825 et
513 776 633 843 myrtea
648 769 758 826 circum

110 848 194 905 Silva
208 850 303 923 tegit3
324 866 413 905 curae
428 866 488 905 non
502 848 568 923 ipsa
582 849 614 904 in
629 854 725 905 morte
739 848 922 924 relinquunt.

110 928 169 985 His
179 928 550 1002 PhaedramProcrimque
561 928 642 998 lucie,
651 934 859 1003 maestamque
870 929 1051 1006 Eriphylen,

111 1007 249 1065 Crudelis
264 1009 327 1064 uati
342 1014 561 1065 monstrantem
576 1008 709 1077 vulnera,
726 1009 830 1079 cernit,
992 1013 1050 1068 446

109 1087 315 1162 Evadnenque
331 1093 361 1144 ot
377 1087 565 1162 Pasiphain3
589 1087 635 1144 his
651 1087 819 1144 Laodamia

110 1167 140 1225 It
155 1185 262 1236 comes,
278 1173 310 1224 01
318 1168 441 1241 juvenis
456 1168 615 1241 quondam,
632 1186 711 1225 nnnc
726 1167 847 1236 femina,
865 1166 1017 1239 Caeneus,

110 1248 229 1305 Rursus
244 1248 319 1304 etin
333 1253 467 1304 veterem
482 1247 544 1303 fato
559 1247 696 1305 revoluta
712 1247 847 1322 figuram.

149 1328 234 1385 Inter
249 1345 324 1402 quas
341 1327 509 1383 Phoenissa
523 1344 626 1383 recens
642 1345 659 1384 1
675 1327 796 1383 vulnere
813 1325 895 1384 Dido
993 1330 1054 1386 450

110 1407 240 1464 Errabat
254 1408 331 1464 silva
345 1407 376 1462 in
391 1425 518 1481 magna:
542 1424 632 1482 quam
648 1407 756 1463 Troius
772 1406 860 1463 heros

110 1488 155 1544 Ut
168 1488 298 1562 primum
308 1488 396 1560 juxta
410 1487 495 1543 stetit
511 1486 695 1561 agnovitque
710 1503 762 1560 per
776 1487 914 1543 umbram

111 1566 287 1637 Obscuram,
304 1567 422 1640 qualem
437 1567 534 1640 primo
549 1566 600 1641 qui
616 1584 738 1641 surgere
753 1583 857 1622 mense

110 1649 175 1706 Aut
190 1648 281 1717 videt,
297 1652 349 1703 aut
363 1646 476 1703 vidisse
492 1652 580 1720 putat
594 1663 646 1721 per
660 1646 762 1702 nubila
776 1645 889 1714 lunam,

110 1728 241 1784 Demisit
256 1727 405 1795 lacrimas,
422 1727 559 1800 dulcique
575 1727 685 1783 affatus
700 1743 800 1783 amore
815 1731 880 1784 est:
995 1729 1052 1786 455

111 1808 248 1864 “infelix
263 1807 352 1875 Dido,
370 1824 460 1862 verus
475 1807 549 1862 mihi
565 1807 690 1862 nuntius
704 1823 776 1880 ergo

111 1887 247 1943 Venerat
261 1887 452 1957 exstinctam,
470 1887 607 1959 ferroque
622 1891 757 1943 extrema
772 1882 930 1943 secutam?

111 1966 239 2023 Funeris
256 1967 313 2022 heu
328 1967 383 2022 tibi
399 1984 491 2023 causa
506 1965 570 2022 fui?
614 1967 674 2023 Per
689 1967 787 2023 sidera
797 1966 873 2039 jure,

113 2045 171 2102 Per
187 2063 318 2121 superos,
334 2052 365 2103 11
379 2047 404 2102 si
420 2064 479 2122 qua
494 2046 568 2102 fides
583 2047 689 2102 tellure
705 2046 760 2103 sub
775 2045 837 2102 ima
852 2051 907 2116 cst,

112 2126 241 2196 Invitus,
258 2128 371 2200 regina,
388 2133 441 2184 tuo
457 2127 493 2183 de
508 2127 596 2182 litore
612 2127 710 2200 cessi;
994 2130 1052 2186 460

113 2206 173 2263 Sed
189 2226 234 2263 me
244 2210 331 2281 jussa
347 2206 444 2274 dedm,
461 2225 537 2281 quae
554 2224 632 2263 nuno
647 2206 704 2263 has
719 2207 760 2263 ire
775 2222 829 2280 per
843 2205 976 2277 umbras

112 2286 170 2344 Per
185 2287 250 2344 loca
265 2292 351 2344 senta
366 2288 427 2342 situ
442 2293 555 2360 cogunt
569 2292 746 2361 noctemque
761 2285 955 2361 profundam,

111 2366 250 2441 Imperiis
265 2385 351 2440 egere
368 2367 449 2439 suis3
471 2384 525 2422 nec
541 2367 660 2422 credere
676 2365 760 2440 quivi

111 2445 202 2504 Hunc
217 2453 336 2504 tautum
351 2446 405 2502 tibi
420 2464 466 2502 me
483 2446 617 2502 discessu
633 2446 707 2502 ferre
722 2446 862 2503 dolorem.

113 2525 193 2583 Siste
210 2528 345 2600 gradum,
363 2531 451 2601 teque
468 2531 591 2601 aspectu
606 2544 642 2581 ne
658 2525 800 2582 subtrahe
816 2529 928 2581 nostro.
994 2528 1049 2585 465

112 2606 208 2678 Quem
224 2604 327 2680 fugis?
349 2611 517 2662 extremum
529 2606 600 2674 fato,
611 2605 691 2680 quod
703 2610 733 2661 te
746 2605 891 2678 alloquor,
903 2604 961 2663 hoc
975 2608 1051 2664 est.''

111 2685 235 2742 Talibus
249 2687 371 2743 Aeneas
387 2687 540 2742 ardentem
556 2697 587 2742 et
601 2692 688 2742 torva
702 2690 836 2740 tuentem

112 2763 241 2822 Lenibat
256 2766 345 2822 dictis
361 2766 502 2833 animum,
519 2765 717 2838 lacrimasque
733 2765 849 2838 ciebat3

111 2844 170 2902 Illa
185 2847 248 2903 solo
264 2845 338 2902 fixos
354 2846 456 2901 oculos
472 2863 579 2901 aversa
594 2844 724 2913 tenebat,

111 2924 175 2982 Nec
189 2926 287 3000 magis
302 2926 421 2998 incepto
437 2925 554 2980 vultum
570 2941 706 2980 sermone
721 2929 868 2993 movetur,
985 2919 1049 2985 'ero

112 3006 209 3078 Quam
226 3007 251 3062 si
267 3006 341 3062 dura
356 3005 432 3061 silex
447 3010 498 3060 aut
513 3009 573 3059 stet
589 3003 742 3078 Marpesia
757 3010 867 3060 cautes

111 3084 246 3142 'landem
263 3085 405 3159 corripuit
420 3101 494 3152 sese,
512 3089 600 3156 atque
616 3083 737 3139 inimica
752 3082 863 3157 refugit

112 3163 148 3219 In
164 3181 270 3221 nemus
286 3165 488 3231 umbriferum,
505 3165 634 3235 conjunx
649 3162 698 3217 nbi
714 3163 862 3235 pristinus
877 3161 922 3219 illi

112 3244 290 3317 Respondet
305 3245 383 3300 curis
399 3248 568 3316 aequatque
585 3241 741 3314 Sychaeus
758 3259 897 3300 amorem.

108 3323 176 3378 Nec
187 3321 289 3378 minus
303 3325 434 3394 Aeneas,
450 3339 523 3379 casu
537 3338 702 3377 concussus
717 3321 828 3394 iniquo,
993 3318 1046 3381 415

95 3400 303 3477 Prosequitur
314 3402 484 3462 lacrimans
497 3402 603 3478 louge,
616 3406 649 3458 et
660 3401 821 3456 miseratur
835 3405 965 3458 euntem.
