2204 3676
368 211 552 263 vascua
574 211 714 261 anama
737 212 778 262 11.
972 195 1016 261 43

70 359 199 418 Arduus
213 361 251 420 ad
266 362 370 432 solem,
385 367 417 421 et
430 362 544 436 linguis
558 361 650 421 micat
664 379 714 420 oro
728 361 870 420 trisulcis.
957 360 1015 422 475

70 439 143 496 Una
157 441 265 514 ingens
281 441 437 516 Periphas,
452 450 483 499 et
497 460 642 516 equorum
657 443 789 515 agitator
804 441 945 509 Achillis,

72 519 215 592 Armiger
230 519 434 590 Automedon,
450 539 510 578 una
526 522 623 578 omnis
640 521 744 594 Scyria
758 521 852 595 pubes

73 597 245 655 Succedunt
258 605 347 669 tecto,
363 606 394 657 et
408 600 545 657 florituras
560 601 598 656 ad
613 601 744 657 culmina
753 603 878 674 jactant.

72 677 143 750 Ipse
160 678 239 734 inter
251 679 365 753 primos
380 686 515 753 correpta
529 680 605 736 dura
619 680 740 752 bipenni

73 756 195 814 Limina
208 760 383 832 perrumpit,
398 764 560 833 pestesque
576 777 593 815 a
608 759 727 816 cardine
742 759 827 816 vellit
958 760 1016 817 480

73 837 206 893 Aeratos
219 857 226 909 3
243 839 365 911 jamque
380 839 481 894 excisa
496 839 580 894 trabc
596 838 681 894 firma
695 838 816 896 cavavit

73 915 207 985 Robora,
223 923 254 973 et
267 917 420 990 ingentem
436 918 498 974 lato
512 918 596 974 dedit
611 935 659 974 ore
674 917 845 976 fenestram.

74 993 214 1069 Apparet
229 995 335 1052 domus
351 996 442 1065 intus,
457 1003 489 1054 ct
504 997 581 1053 atria
596 997 687 1070 longa
700 1003 870 1070 patescunt,

74 1074 233 1149 Apparent
249 1075 362 1132 Priami
377 1082 408 1133 ct
422 1082 556 1133 veterum
571 1077 737 1150 penetralia
751 1073 865 1149 regum,

74 1153 278 1230 Armatosquc
294 1156 400 1213 vident
414 1163 531 1213 stantes
546 1157 576 1213 in
591 1156 693 1213 limine
709 1156 813 1231 prime.
958 1159 1016 1216 485

115 1312 160 1372 At
174 1315 281 1372 domus
296 1314 419 1373 interior
433 1316 548 1390 gemitu
563 1316 730 1390 miseroque
745 1317 878 1374 tumultu

75 1394 233 1464 Miscetur,
250 1396 431 1471 penitusque
446 1414 538 1454 cavae
553 1396 747 1471 plangoribus
763 1397 852 1452 aedes

76 1474 228 1531 Femineis
244 1475 379 1547 ululant;
401 1476 470 1532 ferit
485 1493 575 1532 aurea
590 1476 689 1531 sidera
702 1475 822 1532 elamor.

75 1553 152 1610 Tum
168 1554 297 1628 pavidae
312 1555 401 1611 tectis
415 1560 528 1611 matres
545 1555 719 1627 ingentibus
735 1561 844 1622 errant,

74 1633 301 1708 Amplexaequo
315 1641 419 1690 tenent
433 1640 538 1707 postes
553 1642 640 1708 atquc
656 1634 758 1690 oscula
774 1633 877 1706 figunt.
958 1638 1015 1693 490

75 1712 178 1769 Instat
192 1713 221 1768 vi
236 1715 335 1788 patria
351 1714 487 1788 Pyrrhus
500 1734 507 1786 3
530 1731 583 1769 nec
598 1713 729 1770 claustra
744 1730 838 1786 nequo
853 1713 910 1788 ipsi

35 1806 37 1810 ‘
76 1791 226 1851 Custodes
241 1793 360 1851 sufferre
375 1794 479 1850 valent
493 1814 500 1865 ;
521 1793 604 1850 labat
618 1793 710 1848 ariete
725 1793 827 1850 crebro

77 1872 99 1929 J
102 1890 190 1941 anua,
205 1877 236 1929 ct
250 1873 342 1931 emoti
357 1872 557 1946 procumbunt
572 1873 691 1928 cardine
706 1879 826 1947 postes3

76 1951 128 2009 Fit
142 1952 192 2008 via
206 1953 255 2010 vi:
276 1959 418 2027 rumpunt
432 1953 544 2020 aditus,
560 1952 733 2027 primosque
748 1952 902 2008 trucidant

76 2029 211 2088 Innnissi
227 2032 334 2100 Danai,
350 2037 380 2088 et
394 2032 454 2088 late
470 2032 535 2088 loca
550 2030 645 2087 milite
661 2031 816 2105 complent.
958 2034 1015 2090 495

75 2110 145 2167 Non
160 2111 211 2179 sic,
229 2112 389 2185 aggeribus
404 2112 501 2185 ruptis
515 2128 608 2184 quum
624 2127 765 2183 spumeus
781 2110 879 2166 amnis

76 2190 160 2249 Exiit
175 2191 387 2265 oppositasque
402 2191 493 2246 evicit
508 2190 628 2263 gurgite
644 2190 746 2257 moles,
964 2183 968 2191 ’

76 2269 186 2326 Fertur
198 2270 228 2326 in
243 2287 317 2326 arva
330 2270 432 2326 furens
452 2270 580 2339 cumulo,
598 2286 778 2342 camposque
792 2287 846 2342 per
860 2287 966 2327 omnes

77 2349 155 2406 Cum
171 2349 299 2406 stabulis
314 2356 451 2407 armenta
465 2349 567 2405 trahit.
611 2349 683 2405 Vidi
698 2349 763 2421 ipsc
778 2348 925 2405 furentem

77 2429 178 2486 Caede
189 2429 421 2503 Neoptolemum
434 2430 631 2503 geminosque
643 2428 674 2484 in
685 2427 923 2484 liminoAtridas
935 2448 942 2501 ;
957 2430 1015 2485 500

75 2507 150 2565 Vidi
180 2508 338 2566 Hecubam
367 2519 546 2583 centumque
577 2525 678 2578 numa,
710 2507 924 2583 Priamumque
963 2523 1017 2582 per

195 2606 263 2645 aras

77 2667 232 2742 Sanguine
247 2668 417 2725 foedantem
434 2687 509 2743 quos
525 2669 588 2742 ipse
605 2672 776 2724 sacraverat
792 2667 885 2741 ignes

77 2749 304 2822 Quinquaginta
319 2749 362 2804 illi
377 2749 514 2815 thalami,
532 2766 600 2821 spes
616 2747 715 2821 ampla
729 2756 880 2821 nepotum,

76 2828 236 2883 Barbarico
252 2835 355 2900 postes
371 2846 443 2883 auro
460 2827 621 2901 spoliisque
638 2827 766 2899 superbi,

77 2907 285 2980 Procubuere3
308 2912 412 2963 tenent
428 2906 537 2974 Danai,
553 2924 612 2979 qua
626 2906 724 2962 delicit
738 2906 825 2979 ignis
960 2909 1017 2965 505

118 3065 259 3122 Forsitan
274 3071 304 3122 et
320 3065 431 3121 Priami
448 3065 559 3121 fuerint
574 3084 650 3138 quae
665 3065 729 3121 sata
744 3065 885 3139 requiras.

76 3145 170 3203 Urbis
186 3146 230 3202 uti
247 3151 351 3219 captae
367 3162 469 3201 casum
485 3145 687 3218 convulsaque
705 3145 780 3201 vidit

75 3224 199 3282 Limina
213 3230 360 3282 tectorum
374 3231 405 3281 et
419 3225 550 3281 medium
566 3224 596 3278 in
611 3224 816 3298 penetralibus
838 3222 965 3295 hostem,

75 3305 173 3362 Arma
187 3304 241 3365 diu
255 3304 354 3367 senior
367 3303 493 3360 desueta
507 3303 706 3359 trenrentibus
722 3321 797 3360 aevo

76 3383 250 3444 circumdat
262 3381 463 3458 nequidquam
480 3381 627 3455 humeris,
641 3388 674 3447 et
686 3381 798 3461 inutile
810 3381 928 3447 lenum
962 3382 1026 3447 bbb
