2204 3676
72 204 113 269 82
344 220 501 269 varrum
525 220 664 269 aarum
690 220 741 271 ιν.

112 371 202 429 Talia
215 371 366 429 dicentem
383 370 563 444 jamdudum
579 388 686 428 aversa
700 376 810 442 tuetur,

73 449 143 508 Huc
157 451 226 507 illue
242 451 367 508 volvens
382 450 492 520 oculos,
507 456 664 525 totumque
679 456 816 525 pererrat

73 529 255 587 Luminibus
269 530 380 599 tacitis
396 537 427 586 et
442 530 485 586 sic
500 547 626 586 accensa
639 531 792 604 profatur:

74 615 90 640 “
101 609 165 667 Nec
176 609 230 666 tibi
245 609 315 664 diva
327 625 444 682 parens,
458 609 576 682 generis
588 626 642 666 nec
653 608 816 667 Dardanus
828 615 943 684 auctor,
955 612 1005 672 336

74 689 207 762 Periide;
229 688 281 745 sed
297 688 380 744 duris
395 688 500 761 genuit
513 694 544 744 te
559 687 698 745 cautibus
713 688 838 746 horrens

75 768 239 836 Caucasus,
256 767 477 842 Hyrcanaeque
493 766 654 824 admorunt
668 767 760 824 ubera
774 768 878 843 tigres.

74 847 155 905 Nam
170 847 241 922 quid
256 846 422 915 dissimulo,
440 852 493 902 aut
507 864 583 922 quae
597 864 645 903 me
660 847 697 904 ad
713 849 827 921 majora
840 849 988 909 reservo?

74 926 155 984 Num
172 927 241 983 tletu
257 925 407 1000 ingemuit
420 923 547 982 nostro?
568 942 640 982 num
654 925 770 982 lumina
783 925 892 985 flexiti

15 1044 18 1051 -
74 1005 157 1062 Num
182 1006 320 1063 lacrimas
346 1005 445 1062 victus
470 1005 561 1075 dedit,
589 1010 642 1062 aut
666 1005 827 1064 miseratus
856 1014 1006 1066 aulantem

192 1083 262 1142 est?
957 1091 1008 1149 all

75 1165 159 1238 Quae
175 1165 283 1238 quibus
305 1162 493 1222 anteferam?
534 1165 556 1222 J
559 1183 607 1221 am
624 1166 688 1240 jam
703 1183 758 1222 nec
772 1165 907 1223 maxima
920 1166 943 1225 J
945 1184 1007 1237 uno,

74 1243 137 1301 Nec
154 1244 314 1301 Saturnius
329 1245 403 1301 haec
418 1244 512 1300 oculis
526 1252 613 1318 pater
628 1244 736 1319 aspicit
751 1244 863 1320 aequis.

73 1322 231 1398 Nusquam
248 1329 315 1379 tuta
329 1324 410 1380 fides.
454 1322 591 1396 Ejectum
607 1324 701 1395 litore,
718 1331 868 1398 egentem,
943 1350 947 1357 ·

73 1402 195 1475 Excepi,
211 1409 242 1459 et
256 1403 341 1476 regni
356 1403 479 1459 demens
494 1402 524 1458 in
538 1408 623 1476 parte
638 1403 751 1477 locavi3

74 1482 248 1559 [Antissam
263 1483 398 1552 classem,
415 1482 512 1538 socies
528 1500 546 1537 a
560 1487 655 1539 morte
671 1483 775 1540 reduxi
787 1481 811 1559 :]
955 1487 1006 1545 3r5

74 1562 160 1635 (Heu
176 1562 261 1618 furiis
276 1562 398 1618 incensa
412 1559 521 1637 sorori)
539 1579 617 1618 nunc
632 1580 728 1636 augur
743 1562 863 1638 Apollo,

73 1639 161 1697 Nunc
177 1641 290 1716 Lyciae
305 1646 410 1709 sortes,
426 1658 504 1696 nunc
519 1645 550 1696 et
564 1639 585 1696 J
588 1658 643 1697 ove
658 1642 769 1698 missus
784 1642 904 1718 abipso

72 1719 226 1795 Interpres
241 1720 344 1777 ‹livirm
359 1720 416 1777 sert
431 1719 553 1776 horrida
569 1720 656 1792 jussa
670 1738 723 1797 per
738 1738 835 1779 auras.

74 1797 193 1856 Scilicet
208 1800 234 1855 is
251 1799 374 1873 Superis
389 1799 472 1854 labor
486 1804 540 1869 est,
557 1817 593 1855 ea
607 1817 678 1856 cura
692 1800 808 1875 quietos

74 1876 236 1936 Sollicitat!
279 1878 384 1952 Neque
399 1883 428 1934 tc
444 1884 540 1948 teneo,
557 1896 653 1953 neque
667 1879 748 1936 dicta
761 1880 872 1938 refello.
954 1882 1007 1941 380

74 1956 98 2026 Ι,
115 1975 238 2031 sequere
254 1957 375 2014 Italiam
392 1956 507 2015 ventisl
529 1963 599 2031 pete
614 1976 708 2031 regna
721 1976 774 2033 per
788 1958 903 2017 undosi

75 2035 169 2110 Spero
184 2036 323 2111 equidem
338 2036 454 2106 mediis,
471 2037 497 2093 si
513 2037 585 2111 quid
600 2038 651 2113 pia
665 2038 789 2094 numina
802 2044 942 2113 possunt,

75 2114 230 2190 Supplicia
245 2115 409 2172 hausurum
425 2117 565 2190 scopulis
582 2124 612 2173 et
626 2117 747 2174 nomine
763 2117 844 2175 Dido

74 2193 169 2270 Saepe
186 2201 370 2252 vocaturum.
417 2194 533 2269 Sequar
548 2196 621 2252 atris
635 2196 756 2270 ignibus
772 2197 890 2269 absone,

72 2273 123 2344 nt,
139 2293 231 2349 quum
245 2275 357 2348 frigida
371 2292 451 2331 mors
466 2276 569 2331 anima
583 2275 736 2333 seduxerit
750 2282 843 2346 artus,
953 2277 1006 2334 385

6 2384 9 2389 ·
74 2353 222 2412 Omnibus
237 2355 342 2410 umbra
357 2355 430 2411 locis
446 2355 543 2411 adero.
586 2354 692 2425 Dabis,
708 2355 850 2430 improbe,
866 2372 988 2430 poenas.

74 2434 215 2503 Audiam,
231 2439 262 2490 et
277 2434 350 2490 haec
366 2433 473 2490 Manes
489 2433 590 2490 veniet
604 2433 678 2489 mihi
693 2434 774 2490 fama
788 2435 843 2491 sub
858 2436 966 2493 imos.”

73 2512 133 2570 His
147 2514 278 2569 medium
293 2514 381 2570 dictis
396 2530 564 2569 sermonem
580 2514 740 2588 abrumpit,
756 2519 787 2571 et
801 2531 892 2571 auras

74 2592 177 2666 Aegra
191 2593 278 2665 fugit,
295 2610 384 2667 seque
398 2610 435 2649 ex
449 2593 543 2648 oculis
558 2592 668 2648 avertit
682 2597 713 2649 et
727 2593 832 2663 aufert,

74 2672 110 2730 Li
114 2690 229 2746 nquens
239 2672 335 2727 multa
344 2677 427 2727 metu
437 2678 629 2728 cunctantem
639 2677 669 2727 et
678 2673 775 2728 multa
783 2678 943 2748 parantem
954 2675 1007 2733 390

73 2752 186 2808 Dicere.
230 2751 404 2824 Suscipiunt
418 2751 557 2820 famulae,
573 2751 763 2825 collapsaque
778 2752 913 2809 membra

73 2830 243 2888 Marmoreo
258 2831 391 2886 referunt
405 2830 539 2888 thalamo
555 2830 718 2905 stratisque
733 2837 889 2905 reponunt

112 2989 157 3047 At
171 2991 239 3065 pius
254 2989 384 3059 Aeneas,
401 3007 584 3064 quamquam
600 2989 692 3046 lenire
708 2990 858 3046 dolentem

74 3068 204 3126 Solando
219 3070 301 3144 cupit
316 3077 346 3126 ct
360 3069 449 3125 dictis
466 3075 600 3125 avertere
615 3086 712 3139 curas,

74 3148 174 3204 Multa
186 3166 310 3222 gemens
321 3165 491 3222 magnoque
505 3149 637 3203 animum
650 3149 816 3205 labefactus
828 3165 940 3219 amore,
953 3148 1008 3208 395

72 3227 94 3288 J
97 3245 168 3283 ussa
182 3235 282 3283 tamen
299 3227 403 3283 divrim
417 3227 598 3301 exsequitur,
615 3227 801 3303 classemque
816 3228 930 3286 revisit
951 3226 957 3236 '

73 3306 152 3362 Tum
168 3323 238 3362 vero
254 3306 361 3363 Teucri
375 3306 561 3375 incumbunt,
577 3311 609 3361 et
622 3305 709 3363 litore
726 3308 821 3365 celsas

57 3384 229 3443 Deducunt
244 3391 311 3445 toto
324 3403 430 3446 naves.
473 3384 574 3446 Natat
585 3391 680 3442 uncta
692 3386 804 3455 carina,
