2204 3676
352 779 387 840 P.
410 779 595 843 VERGILI
616 782 818 846 MARONIS

276 963 894 1062 AENEIDOS

436 1173 554 1222 LIBER
569 1175 739 1225 TERTIUS.

500 1358 670 1370 ..n—.-

114 1495 132 1523 “
143 1491 320 1559 Posruunm
334 1509 382 1551 res
398 1491 493 1552 Asiae
510 1493 681 1569 Priamique
695 1500 829 1553 evertere
844 1501 967 1571 gentem

113 1569 300 1631 Immeritam
316 1574 416 1631 visum
431 1574 557 1649 superis,
574 1575 739 1649 ceciditque
754 1576 917 1650 superbum

113 1652 204 1711 Ilium
219 1659 250 1710 et
264 1654 362 1711 omnis
377 1654 469 1711 humo
484 1655 583 1711 fumat
596 1654 751 1730 Neptunia
766 1655 864 1729 Troja,

114 1732 244 1790 Diversa
259 1734 366 1790 exsilia
380 1739 410 1791 et
425 1734 560 1791 desertas
575 1751 716 1808 quaerere
731 1739 829 1791 terras

113 1813 260 1884 Auguriis
275 1813 394 1886 agimur
409 1813 521 1884 diviua,
538 1813 724 1888 classemque
740 1814 796 1870 sub
811 1814 879 1889 ipsa
1034 1815 1053 1877 5

112 1891 273 1950 Antandro
288 1898 319 1949 et
334 1892 486 1968 Phrygiae
502 1893 642 1950 molimur
657 1893 810 1951 montibus
825 1894 908 1966 Idae,

112 1971 231 2040 Incerti,
248 1989 306 2045 quo
321 1972 384 2028 fata
399 1973 505 2042 ierant,
521 1972 573 2029 ubi
589 1973 694 2029 sistere
710 1972 805 2042 detur,

114 2050 388 2126 Contrahimusque
403 2053 494 2110 viros.
539 2052 602 2109 Vix
614 2053 712 2127 prima
725 2052 878 2126 inceperat
893 2060 1006 2128 aestuo,

112 2129 154 2188 Et
168 2135 255 2206 pater
269 2131 421 2188 Anchises
437 2132 509 2189 dare
525 2132 595 2189 fatis
610 2133 678 2189 vela
688 2132 831 2206 jubebat:

112 2210 218 2268 Litora
232 2229 325 2286 quum
339 2212 455 2286 patriae
470 2212 632 2270 lacrimans
645 2218 809 2288 portusque
824 2212 962 2287 relinquo
1016 2214 1051 2272 10

111 2289 153 2349 Et
167 2307 297 2366 cumpca,
313 2291 365 2348 ubi
380 2291 470 2366 Troja
483 2291 547 2348 fuit.
591 2292 685 2349 Feror
698 2291 784 2348 exsul
799 2292 831 2348 in
847 2291 943 2349 altum

112 2369 190 2430 Oum
206 2370 297 2429 sociis
312 2376 463 2447 gnatoque
481 2371 646 2429 Penatibus
661 2376 694 2428 at
706 2372 826 2447 magnis
841 2371 895 2429 dis.

150 2532 244 2589 Terra
257 2531 360 2607 procul
375 2531 473 2588 vastis
489 2531 597 2589 colitur
610 2529 765 2587 Mavortia
779 2530 902 2606 campio,

111 2611 259 2687 (Thraces
275 2612 387 2685 arant)
404 2611 464 2668 acri
479 2611 632 2686 quondam
646 2616 775 2684 regnata
789 2610 940 2685 Lycurgo,

112 2691 287 2768 Hospitium
303 2692 461 2765 antiquum
477 2691 591 2765 Trojac,
607 2691 739 2764 sociique
755 2690 896 2759 Penates
1015 2692 1052 2750 lt

111 2771 192 2829 Dum
209 2772 330 2829 fortuna
343 2771 407 2829 fuit.
451 2771 545 2828 Feror
559 2770 625 2840 huc,
641 2776 672 2828 et
686 2771 774 2827 litora
789 2786 881 2826 curvo

110 2851 232 2910 Moenia
246 2852 343 2926 prima
358 2851 431 2920 locu,
448 2851 520 2908 fatis
534 2851 689 2925 ingressus
704 2850 823 2924 iniquis,

110 2931 332 3007 Aeneadasque
346 2948 414 2988 meo
429 2948 539 2988 nomen
554 2931 590 2988 de
606 2930 726 2987 nomine
742 2929 829 3004 fingo.

149 3090 241 3148 Sacra
256 3090 410 3149 Dionaeae
425 3090 517 3148 matri
531 3091 668 3165 divisque
684 3090 816 3147 ferebam

109 3169 297 3247 Auspicibus
312 3178 487 3245 coeptorum
503 3188 634 3244 operum,
651 3186 818 3244 superoque
834 3167 982 3225 nitentem
1013 3166 1052 3226 20

110 3250 294 3309 Caelicolum
309 3251 373 3324 regi
389 3251 558 3307 mactabam
574 3249 705 3305 inlitora
720 3255 850 3306 taurum.

106 3329 201 3388 Forte
215 3330 274 3387 fuit
281 3331 370 3404 juxta
383 3330 528 3400 tumulus,
545 3346 603 3405 quo
618 3345 728 3385 cornea
743 3345 860 3386 summo

890 3417 924 3464 5⁶2
