2204 3676
81 185 122 248 80
349 200 506 248 vaaaim
531 198 671 247 araxis
696 201 747 251 rr.

78 351 164 410 Haec
179 349 339 410 alternanti
353 349 452 424 potior
467 350 618 406 sententia
634 351 701 407 visa
714 357 778 408 est:

77 430 240 489 Mnesthea
257 430 490 503 Sergestumque
506 435 595 486 vocat
609 430 777 505 fortemque
794 422 970 493 Serestum:

78 509 214 567 Classem
228 514 334 582 aptent
349 508 443 577 taciti,
460 508 616 582 sociosque
632 509 670 565 ad
685 509 774 566 litora
789 518 908 584 cogant,

76 588 172 645 Arma
185 593 298 662 parent,
314 591 353 656 et,
370 605 446 661 quae
460 588 550 643 rebus
566 588 607 643 sit
622 605 713 644 causa
727 591 885 660 novandis,
961 594 1012 652 290

77 667 294 739 Dissimulent;
317 682 383 722 sese
397 666 520 735 interea,
537 667 658 739 quando
674 669 788 741 optima
803 668 883 726 Dido

75 745 208 815 Nesciat,
225 751 255 802 et
270 751 372 802 tantos
385 746 484 818 rumpi
498 763 561 802 nou
576 751 677 818 speret
692 764 817 817 amores,

76 825 276 882 Tentaturum
292 825 401 894 aditus,
418 828 450 880 et
465 841 542 898 quae
559 824 739 881 mollissima
751 823 834 883 fandi

76 904 232 980 Tempora,
249 904 316 977 quis
331 904 420 960 rebus
436 903 542 959 dexter
556 904 672 960 medua.
717 903 810 962 Ocius
824 923 930 965 omues

76 983 206 1059 Imperio
222 982 294 1040 laeti
308 988 417 1059 parent
432 999 466 1038 ac
482 983 571 1055 jussa
586 982 747 1041 lacessunt.
959 988 1010 1046 295

115 1141 160 1200 At
173 1141 278 1216 regina
292 1142 377 1199 dolos
394 1141 476 1217 (quis
491 1141 593 1198 fallere
608 1142 707 1216 possit
723 1149 875 1201 amantem
885 1142 914 1220 ἲ)

77 1222 260 1292 Praesensit,
276 1226 436 1294 motusque
451 1222 568 1295 excepit
578 1221 681 1296 prima
696 1222 823 1291 futuros,

78 1300 188 1358 Omnia
201 1307 268 1357 tuta
280 1300 399 1356 timens.
443 1299 559 1356 Eadem
575 1300 668 1375 impia
683 1299 779 1356 Fama
792 1302 906 1358 furenti

77 1379 204 1449 Detulit,
221 1379 328 1436 armari
344 1379 471 1436 classem
486 1396 664 1453 cursumque
678 1380 785 1454 parari.

78 1458 181 1517 Saevit
194 1460 280 1535 inops
296 1459 397 1528 animi,
413 1463 567 1532 totamque
584 1458 706 1515 incensa
719 1477 772 1533 per
786 1460 892 1516 urbem
955 1463 1009 1520 300

77 1537 254 1608 Bacchatur,
271 1539 368 1613 qualis
384 1538 541 1594 commotis
556 1538 655 1594 excita
670 1538 764 1594 saeris

76 1617 201 1693 Thyias,
216 1617 269 1674 ubi
285 1617 389 1674 audito
404 1615 564 1672 stimulant
577 1617 728 1673 trieterica
742 1617 862 1674 Baccho

76 1696 178 1771 Orgia,
194 1704 416 1770 nocturnusque
431 1700 520 1751 vocat
534 1695 662 1752 clamore
679 1695 849 1755 Cithaeron.

75 1775 209 1833 Tandem
225 1776 272 1833 his
288 1776 413 1833 Aenean
428 1774 588 1849 compellat
603 1775 728 1832 vocibus
743 1775 839 1833 ultro:
922 1802 927 1811 ·

39 1982 42 1987 .
117 1939 133 1963 “
143 1934 342 1992 Dissimulare
357 1935 448 1991 etiam
464 1934 600 2009 sperasti,
617 1933 735 2008 perfide,
751 1938 871 1992 tautum
953 1938 1007 1996 305

77 2013 172 2071 Posse
187 2015 279 2084 nefas
295 2015 465 2088 tacitusque
480 2032 547 2070 mea
561 2014 702 2071 decedere
718 2012 819 2071 terra?

75 2092 105 2149 N
106 2111 139 2149 ee
153 2099 183 2150 te
198 2099 300 2150 noster
315 2111 407 2162 amor,
424 2111 478 2150 uec
493 2099 522 2150 te
538 2093 609 2149 data
623 2094 747 2150 dextera
761 2094 923 2167 quondam,

75 2170 139 2228 Nec
154 2173 298 2229 moritura
313 2179 396 2230 tenet
411 2173 522 2229 crudeli
537 2173 640 2229 funere
656 2169 760 2229 Dido?

76 2251 262 2323 Quinetiam
278 2253 401 2309 hiberno
416 2253 531 2308 moliris
547 2253 644 2310 sidere
660 2252 796 2318 classem,

74 2329 115 2387 Et
129 2332 236 2389 mediis
251 2349 394 2407 properas
410 2331 615 2406 Aquilonibus
629 2332 671 2388 ire
686 2350 738 2408 por
753 2333 858 2402 altum,
951 2335 1007 2393 310

74 2409 233 2468 Crudelis?
277 2412 366 2484 Quid,
383 2411 409 2467 si
423 2428 483 2467 non
499 2428 572 2467 arva
587 2410 683 2467 aliena
697 2412 862 2486 domosque

73 2487 200 2562 Ignotos
214 2496 339 2565 peteres,
355 2497 386 2547 et
401 2490 490 2563 Troja
505 2491 631 2564 antiqua
646 2495 788 2560 maneret,

72 2567 162 2642 Troja
174 2587 227 2643 per
241 2571 391 2626 undosum
404 2574 557 2645 peteretur
571 2569 717 2626 classibus
733 2568 864 2645 aequor?

72 2646 162 2704 Mene
173 2647 275 2722 sugis?
319 2650 377 2706 Per
388 2666 444 2723 ego
457 2649 511 2706 has
523 2648 661 2705 lacrimas
673 2649 868 2723 dextramque
880 2655 966 2707 tuam
976 2653 1005 2706 to

74 2726 217 2799 (Quando
232 2729 313 2785 aliud
329 2728 403 2784 mihi
412 2731 476 2802 Jam
490 2728 615 2784 miserae
630 2728 705 2784 nihil
719 2729 786 2802 ipsa
800 2726 934 2806 reliqui),
950 2730 1004 2786 315

73 2806 131 2863 Per
145 2808 294 2864 connubia
308 2812 421 2879 nostra,
437 2825 490 2883 per
504 2808 638 2882 inceptos
654 2806 846 2880 hymenaeos

73 2885 106 2943 Si
120 2887 195 2943 bene
210 2887 283 2961 quid
297 2888 333 2943 de
349 2893 379 2944 te
394 2887 496 2957 merui,
513 2888 570 2943 luit
584 2893 636 2942 aut
649 2886 707 2942 tibi
723 2885 888 2960 quidquam

71 2964 164 3023 Dulce
180 2984 288 3036 meum,
304 2967 442 3022 miserere
457 2968 564 3023 domus
578 2965 715 3034 labentis,
731 2971 762 3022 ct
776 2965 876 3036 istam,

21 3102 39 3110 ,
72 3042 140 3114 Oro,
157 3046 182 3101 si
198 3046 265 3119 quis
281 3045 381 3102 adhuc
396 3046 533 3119 precibus
547 3046 639 3112 locus,
656 3062 730 3100 exue
746 3049 885 3100 mentem.

71 3121 113 3179 Te
127 3131 250 3197 propter
265 3125 398 3198 Libycae
414 3130 521 3197 gentos
536 3123 767 3199 Nomadumque
782 3123 906 3197 tyranni
949 3126 1002 3183 32⁰

70 3200 177 3272 Odere,
192 3203 300 3259 infensi
315 3203 416 3277 Tyrii3
438 3208 467 3259 te
482 3209 604 3277 propter
619 3202 749 3258 eundem

70 3280 247 3338 Exstinctus
262 3282 366 3356 pudor,
383 3286 421 3351 et,
438 3300 497 3357 qua
512 3282 577 3338 sola
592 3281 691 3338 sidera
706 3280 835 3352 adibam,

56 3357 158 3417 Fama
169 3361 265 3436 prior.
313 3359 370 3420 Oui
387 3378 435 3419 me
450 3359 660 3421 moribundam
673 3360 795 3431 deseris,
811 3359 944 3437 hospes?
