<?xml version="1.0" encoding="UTF-8"?>
<!DOCTYPE html PUBLIC "-//W3C//DTD XHTML 1.0 Transitional//EN"
    "http://www.w3.org/TR/xhtml1/DTD/xhtml1-transitional.dtd">
<html xmlns="http://www.w3.org/1999/xhtml" xml:lang="en" lang="en">
 <head>
  <title>
</title>
<meta http-equiv="Content-Type" content="text/html;charset=utf-8" />
  <meta name='ocr-system' content='tesseract 3.04.00' />
  <meta name='ocr-capabilities' content='ocr_page ocr_carea ocr_par ocr_line ocrx_word'/>
</head>
<body>
  <div class='ocr_page' id='page_1' title='image "./sixbooksneidvir00virggoog_0113.png"; bbox 0 0 2204 3676; ppageno 0'>
   <div class='ocr_carea' id='block_1_1' title="bbox 88 161 750 226">
    <p class='ocr_par' dir='ltr' id='par_1_1' title="bbox 88 161 750 226">
     <span class='ocr_line' id='line_1_1' title="bbox 88 161 750 226; baseline 0.002 -3"><span class='ocrx_word' id='word_1_1' title='bbox 88 161 150 223; x_wconf 88' lang='lat'>104</span> <span class='ocrx_word' id='word_1_2' title='bbox 368 177 526 226; x_wconf 83' lang='lat' dir='ltr'>rausrar</span> <span class='ocrx_word' id='word_1_3' title='bbox 551 177 688 224; x_wconf 75' lang='lat' dir='ltr'>assare</span> <span class='ocrx_word' id='word_1_4' title='bbox 714 177 750 226; x_wconf 86' lang='lat' dir='ltr'>v.</span> 
     </span>
    </p>
   </div>
   <div class='ocr_carea' id='block_1_2' title="bbox 31 326 920 3424">
    <p class='ocr_par' dir='ltr' id='par_1_2' title="bbox 84 326 920 1915">
     <span class='ocr_line' id='line_1_2' title="bbox 127 326 767 404; baseline 0.003 -21"><span class='ocrx_word' id='word_1_5' title='bbox 127 326 268 386; x_wconf 86' lang='lat' dir='ltr'>Protinus</span> <span class='ocrx_word' id='word_1_6' title='bbox 284 331 406 387; x_wconf 84' lang='lat' dir='ltr'><strong>Aeneas</strong></span> <span class='ocrx_word' id='word_1_7' title='bbox 420 328 507 385; x_wconf 82' lang='lat' dir='ltr'>celeri</span> <span class='ocrx_word' id='word_1_8' title='bbox 522 333 636 385; x_wconf 85' lang='lat' dir='ltr'>certare</span> <span class='ocrx_word' id='word_1_9' title='bbox 651 328 767 404; x_wconf 88' lang='lat' dir='ltr'>sagitta</span> 
     </span>
     <span class='ocr_line' id='line_1_3' title="bbox 86 405 779 483; baseline 0.003 -20"><span class='ocrx_word' id='word_1_10' title='bbox 86 405 210 477; x_wconf 76' lang='lat' dir='ltr'><strong>Invitat,</strong></span> <span class='ocrx_word' id='word_1_11' title='bbox 227 409 278 483; x_wconf 88' lang='lat' dir='ltr'>qui</span> <span class='ocrx_word' id='word_1_12' title='bbox 292 410 368 465; x_wconf 86' lang='lat' dir='ltr'>forte</span> <span class='ocrx_word' id='word_1_13' title='bbox 386 408 487 479; x_wconf 80' lang='lat' dir='ltr'>velint,</span> <span class='ocrx_word' id='word_1_14' title='bbox 503 415 534 464; x_wconf 92' lang='lat' dir='ltr'>et</span> <span class='ocrx_word' id='word_1_15' title='bbox 549 408 684 482; x_wconf 90' lang='lat' dir='ltr'>praemia</span> <span class='ocrx_word' id='word_1_16' title='bbox 698 409 779 478; x_wconf 86' lang='lat' dir='ltr'>dicit,</span> 
     </span>
     <span class='ocr_line' id='line_1_4' title="bbox 86 486 774 562; baseline 0.001 -19"><span class='ocrx_word' id='word_1_17' title='bbox 86 486 267 562; x_wconf 78' lang='lat' dir='ltr'>Ingentique</span> <span class='ocrx_word' id='word_1_18' title='bbox 283 506 374 544; x_wconf 90' lang='lat' dir='ltr'>manu</span> <span class='ocrx_word' id='word_1_19' title='bbox 388 489 501 544; x_wconf 88' lang='lat' dir='ltr'>maium</span> <span class='ocrx_word' id='word_1_20' title='bbox 514 487 550 544; x_wconf 89' lang='lat' dir='ltr'>de</span> <span class='ocrx_word' id='word_1_21' title='bbox 565 505 643 544; x_wconf 82' lang='lat' dir='ltr'>nare</span> <span class='ocrx_word' id='word_1_22' title='bbox 660 486 774 545; x_wconf 77' lang='lat' dir='ltr'>Seresti</span> 
     </span>
     <span class='ocr_line' id='line_1_5' title="bbox 86 565 874 641; baseline 0 -19"><span class='ocrx_word' id='word_1_23' title='bbox 86 565 195 641; x_wconf 82' lang='lat' dir='ltr'>Erigit,</span> <span class='ocrx_word' id='word_1_24' title='bbox 213 574 244 623; x_wconf 90' lang='lat' dir='ltr'>et</span> <span class='ocrx_word' id='word_1_25' title='bbox 259 568 408 627; x_wconf 84' lang='lat' dir='ltr'>volucrem</span> <span class='ocrx_word' id='word_1_26' title='bbox 424 568 548 640; x_wconf 89' lang='lat' dir='ltr'>trajecto</span> <span class='ocrx_word' id='word_1_27' title='bbox 564 567 595 623; x_wconf 90' lang='lat' dir='ltr'>in</span> <span class='ocrx_word' id='word_1_28' title='bbox 609 567 679 624; x_wconf 85' lang='lat' dir='ltr'>fuue</span> <span class='ocrx_word' id='word_1_29' title='bbox 694 566 874 635; x_wconf 81' lang='lat' dir='ltr'><strong>columbam,</strong></span> 
     </span>
     <span class='ocr_line' id='line_1_6' title="bbox 86 646 838 721; baseline 0.001 -20"><span class='ocrx_word' id='word_1_30' title='bbox 86 646 153 717; x_wconf 79' lang='lat' dir='ltr'>Quo</span> <span class='ocrx_word' id='word_1_31' title='bbox 168 647 296 705; x_wconf 89' lang='lat' dir='ltr'>tendant</span> <span class='ocrx_word' id='word_1_32' title='bbox 310 648 429 717; x_wconf 88' lang='lat' dir='ltr'>ferrum,</span> <span class='ocrx_word' id='word_1_33' title='bbox 446 646 526 703; x_wconf 90' lang='lat' dir='ltr'>malo</span> <span class='ocrx_word' id='word_1_34' title='bbox 541 647 699 721; x_wconf 83' lang='lat' dir='ltr'>suspendit</span> <span class='ocrx_word' id='word_1_35' title='bbox 714 647 752 704; x_wconf 91' lang='lat' dir='ltr'>ab</span> <span class='ocrx_word' id='word_1_36' title='bbox 767 646 838 703; x_wconf 89' lang='lat' dir='ltr'>alte.</span> 
     </span>
     <span class='ocr_line' id='line_1_7' title="bbox 86 724 793 800; baseline 0.001 -18"><span class='ocrx_word' id='word_1_37' title='bbox 86 724 261 782; x_wconf 80' lang='lat' dir='ltr'>Convenere</span> <span class='ocrx_word' id='word_1_38' title='bbox 277 727 343 797; x_wconf 86' lang='lat' dir='ltr'>viri,</span> <span class='ocrx_word' id='word_1_39' title='bbox 359 726 564 800; x_wconf 88' lang='lat' dir='ltr'>dejectamque</span> <span class='ocrx_word' id='word_1_40' title='bbox 580 743 668 782; x_wconf 85' lang='lat' dir='ltr'>aerea</span> <span class='ocrx_word' id='word_1_41' title='bbox 682 732 793 784; x_wconf 88' lang='lat' dir='ltr'>sortem</span> 
     </span>
     <span class='ocr_line' id='line_1_8' title="bbox 84 804 803 879; baseline 0.003 -18"><span class='ocrx_word' id='word_1_42' title='bbox 84 804 212 878; x_wconf 82' lang='lat' dir='ltr'>Accepit</span> <span class='ocrx_word' id='word_1_43' title='bbox 227 805 333 878; x_wconf 81' lang='lat' dir='ltr'>gaiea3</span> <span class='ocrx_word' id='word_1_44' title='bbox 355 813 385 861; x_wconf 88' lang='lat' dir='ltr'>et</span> <span class='ocrx_word' id='word_1_45' title='bbox 399 806 513 879; x_wconf 88' lang='lat' dir='ltr'>primus</span> <span class='ocrx_word' id='word_1_46' title='bbox 528 805 656 862; x_wconf 89' lang='lat' dir='ltr'>elamore</span> <span class='ocrx_word' id='word_1_47' title='bbox 672 806 803 863; x_wconf 86' lang='lat' dir='ltr'>secundo</span> 
     </span>
     <span class='ocr_line' id='line_1_9' title="bbox 86 882 904 960; baseline 0 -21"><span class='ocrx_word' id='word_1_48' title='bbox 86 882 272 957; x_wconf 79' lang='lat' dir='ltr'>Hyrtacidae</span> <span class='ocrx_word' id='word_1_49' title='bbox 288 891 357 942; x_wconf 88' lang='lat' dir='ltr'>ante</span> <span class='ocrx_word' id='word_1_50' title='bbox 373 902 475 942; x_wconf 91' lang='lat' dir='ltr'>omnes</span> <span class='ocrx_word' id='word_1_51' title='bbox 490 883 554 941; x_wconf 83' lang='lat' dir='ltr'>enit</span> <span class='ocrx_word' id='word_1_52' title='bbox 567 885 651 941; x_wconf 89' lang='lat' dir='ltr'>locus</span> <span class='ocrx_word' id='word_1_53' title='bbox 666 883 904 960; x_wconf 87' lang='lat' dir='ltr'>Hippocoontis;</span> 
     </span>
     <span class='ocr_line' id='line_1_10' title="bbox 86 963 890 1033; baseline 0 -15"><span class='ocrx_word' id='word_1_54' title='bbox 86 963 182 1033; x_wconf 77' lang='lat' dir='ltr'>Quem</span> <span class='ocrx_word' id='word_1_55' title='bbox 198 965 286 1021; x_wconf 89' lang='lat' dir='ltr'>modo</span> <span class='ocrx_word' id='word_1_56' title='bbox 301 965 403 1021; x_wconf 85' lang='lat' dir='ltr'>navali</span> <span class='ocrx_word' id='word_1_57' title='bbox 418 963 600 1022; x_wconf 86' lang='lat' dir='ltr'>Mnestheus</span> <span class='ocrx_word' id='word_1_58' title='bbox 615 965 777 1023; x_wconf 89' lang='lat' dir='ltr'>certamine</span> <span class='ocrx_word' id='word_1_59' title='bbox 792 963 890 1021; x_wconf 80' lang='lat' dir='ltr'>victor</span> 
     </span>
     <span class='ocr_line' id='line_1_11' title="bbox 86 1041 859 1118; baseline 0.001 -18"><span class='ocrx_word' id='word_1_60' title='bbox 86 1041 299 1118; x_wconf 76' lang='lat' dir='ltr'>Consequitur,</span> <span class='ocrx_word' id='word_1_61' title='bbox 316 1044 405 1101; x_wconf 86' lang='lat' dir='ltr'>viridi</span> <span class='ocrx_word' id='word_1_62' title='bbox 421 1043 603 1101; x_wconf 84' lang='lat' dir='ltr'>Mnestheus</span> <span class='ocrx_word' id='word_1_63' title='bbox 617 1043 754 1101; x_wconf 87' lang='lat' dir='ltr'>evinctus</span> <span class='ocrx_word' id='word_1_64' title='bbox 769 1043 859 1101; x_wconf 89' lang='lat' dir='ltr'>oliva.</span> 
     </span>
     <span class='ocr_line' id='line_1_12' title="bbox 85 1120 819 1198; baseline 0 -20"><span class='ocrx_word' id='word_1_65' title='bbox 85 1120 208 1179; x_wconf 79' lang='lat' dir='ltr'>Tertius</span> <span class='ocrx_word' id='word_1_66' title='bbox 223 1123 383 1198; x_wconf 83' lang='lat' dir='ltr'>Eurytion,</span> <span class='ocrx_word' id='word_1_67' title='bbox 400 1129 478 1193; x_wconf 79' lang='lat' dir='ltr'>tune,</span> <span class='ocrx_word' id='word_1_68' title='bbox 495 1142 512 1180; x_wconf 92' lang='lat' dir='ltr'>o</span> <span class='ocrx_word' id='word_1_69' title='bbox 528 1123 701 1193; x_wconf 85' lang='lat' dir='ltr'>clarissime,</span> <span class='ocrx_word' id='word_1_70' title='bbox 718 1123 819 1191; x_wconf 88' lang='lat' dir='ltr'>frater,</span> 
     </span>
     <span class='ocr_line' id='line_1_13' title="bbox 86 1200 920 1278; baseline 0 -20"><span class='ocrx_word' id='word_1_71' title='bbox 86 1200 233 1272; x_wconf 87' lang='lat' dir='ltr'>Pandare,</span> <span class='ocrx_word' id='word_1_72' title='bbox 249 1204 299 1278; x_wconf 90' lang='lat' dir='ltr'>qui</span> <span class='ocrx_word' id='word_1_73' title='bbox 315 1205 475 1278; x_wconf 88' lang='lat' dir='ltr'>quondam,</span> <span class='ocrx_word' id='word_1_74' title='bbox 487 1205 591 1277; x_wconf 88' lang='lat' dir='ltr'>jussus</span> <span class='ocrx_word' id='word_1_75' title='bbox 607 1203 787 1260; x_wconf 86' lang='lat' dir='ltr'>confundere</span> <span class='ocrx_word' id='word_1_76' title='bbox 802 1201 920 1269; x_wconf 69' lang='lat' dir='ltr'>foedus</span> 
     </span>
     <span class='ocr_line' id='line_1_14' title="bbox 85 1282 779 1357; baseline 0.003 -20"><span class='ocrx_word' id='word_1_77' title='bbox 85 1282 122 1337; x_wconf 94' lang='lat' dir='ltr'>In</span> <span class='ocrx_word' id='word_1_78' title='bbox 138 1283 253 1339; x_wconf 90' lang='lat' dir='ltr'>medios</span> <span class='ocrx_word' id='word_1_79' title='bbox 267 1282 360 1339; x_wconf 89' lang='lat' dir='ltr'>telum</span> <span class='ocrx_word' id='word_1_80' title='bbox 376 1283 494 1340; x_wconf 89' lang='lat' dir='ltr'>torsisti</span> <span class='ocrx_word' id='word_1_81' title='bbox 508 1284 623 1357; x_wconf 86' lang='lat' dir='ltr'>primus</span> <span class='ocrx_word' id='word_1_82' title='bbox 636 1282 779 1339; x_wconf 85' lang='lat' dir='ltr'>Achivos</span> 
     </span>
     <span class='ocr_line' id='line_1_15' title="bbox 85 1359 789 1437; baseline 0.003 -21"><span class='ocrx_word' id='word_1_83' title='bbox 85 1359 247 1418; x_wconf 83' lang='lat' dir='ltr'>Extremus</span> <span class='ocrx_word' id='word_1_84' title='bbox 262 1363 407 1437; x_wconf 76' lang='lat' dir='ltr'>galeaque</span> <span class='ocrx_word' id='word_1_85' title='bbox 423 1365 485 1420; x_wconf 89' lang='lat' dir='ltr'>ima</span> <span class='ocrx_word' id='word_1_86' title='bbox 500 1362 636 1419; x_wconf 87' lang='lat' dir='ltr'>subsedit</span> <span class='ocrx_word' id='word_1_87' title='bbox 651 1361 789 1430; x_wconf 70' lang='lat' dir='ltr'>Acestes</span> 
     </span>
     <span class='ocr_line' id='line_1_16' title="bbox 85 1439 870 1515; baseline -0.001 -18"><span class='ocrx_word' id='word_1_88' title='bbox 85 1439 190 1498; x_wconf 82' lang='lat' dir='ltr'>Ausus</span> <span class='ocrx_word' id='word_1_89' title='bbox 205 1448 235 1498; x_wconf 95' lang='lat' dir='ltr'>et</span> <span class='ocrx_word' id='word_1_90' title='bbox 250 1443 313 1515; x_wconf 88' lang='lat' dir='ltr'>ipse</span> <span class='ocrx_word' id='word_1_91' title='bbox 328 1461 421 1500; x_wconf 91' lang='lat' dir='ltr'>manu</span> <span class='ocrx_word' id='word_1_92' title='bbox 437 1445 584 1515; x_wconf 86' lang='lat' dir='ltr'>juvenum</span> <span class='ocrx_word' id='word_1_93' title='bbox 598 1447 715 1498; x_wconf 89' lang='lat' dir='ltr'>tentare</span> <span class='ocrx_word' id='word_1_94' title='bbox 731 1441 870 1497; x_wconf 89' lang='lat' dir='ltr'>laborem.</span> 
     </span>
     <span class='ocr_line' id='line_1_17' title="bbox 85 1519 801 1579; baseline 0 -3"><span class='ocrx_word' id='word_1_95' title='bbox 85 1519 163 1576; x_wconf 84' lang='lat' dir='ltr'>Tum</span> <span class='ocrx_word' id='word_1_96' title='bbox 180 1522 287 1578; x_wconf 88' lang='lat' dir='ltr'>validis</span> <span class='ocrx_word' id='word_1_97' title='bbox 303 1521 395 1579; x_wconf 89' lang='lat' dir='ltr'>flexos</span> <span class='ocrx_word' id='word_1_98' title='bbox 409 1524 570 1579; x_wconf 88' lang='lat' dir='ltr'>incurvant</span> <span class='ocrx_word' id='word_1_99' title='bbox 584 1521 699 1577; x_wconf 89' lang='lat' dir='ltr'>viribus</span> <span class='ocrx_word' id='word_1_100' title='bbox 715 1537 801 1577; x_wconf 87' lang='lat' dir='ltr'>arcus</span> 
     </span>
     <span class='ocr_line' id='line_1_18' title="bbox 86 1598 901 1676; baseline -0.002 -20"><span class='ocrx_word' id='word_1_101' title='bbox 86 1598 145 1657; x_wconf 88' lang='lat' dir='ltr'>Pro</span> <span class='ocrx_word' id='word_1_102' title='bbox 161 1619 192 1657; x_wconf 86' lang='lat' dir='ltr'>se</span> <span class='ocrx_word' id='word_1_103' title='bbox 208 1603 333 1676; x_wconf 88' lang='lat' dir='ltr'>quisque</span> <span class='ocrx_word' id='word_1_104' title='bbox 349 1602 414 1671; x_wconf 88' lang='lat' dir='ltr'>viri,</span> <span class='ocrx_word' id='word_1_105' title='bbox 431 1608 461 1658; x_wconf 90' lang='lat' dir='ltr'>et</span> <span class='ocrx_word' id='word_1_106' title='bbox 476 1603 657 1674; x_wconf 90' lang='lat' dir='ltr'>depromunt</span> <span class='ocrx_word' id='word_1_107' title='bbox 670 1600 731 1657; x_wconf 89' lang='lat' dir='ltr'>tela</span> <span class='ocrx_word' id='word_1_108' title='bbox 745 1598 901 1673; x_wconf 87' lang='lat' dir='ltr'>pharetris.</span> 
     </span>
     <span class='ocr_line' id='line_1_19' title="bbox 86 1677 844 1754; baseline -0.001 -20"><span class='ocrx_word' id='word_1_109' title='bbox 86 1677 247 1753; x_wconf 89' lang='lat' dir='ltr'>Primaque</span> <span class='ocrx_word' id='word_1_110' title='bbox 262 1698 314 1754; x_wconf 89' lang='lat' dir='ltr'>per</span> <span class='ocrx_word' id='word_1_111' title='bbox 329 1681 446 1738; x_wconf 91' lang='lat' dir='ltr'>eaelum</span> <span class='ocrx_word' id='word_1_112' title='bbox 460 1698 552 1738; x_wconf 89' lang='lat' dir='ltr'>nervo</span> <span class='ocrx_word' id='word_1_113' title='bbox 567 1680 713 1737; x_wconf 88' lang='lat' dir='ltr'>stridente</span> <span class='ocrx_word' id='word_1_114' title='bbox 728 1679 844 1752; x_wconf 87' lang='lat' dir='ltr'>sagitta</span> 
     </span>
     <span class='ocr_line' id='line_1_20' title="bbox 86 1756 865 1833; baseline 0 -19"><span class='ocrx_word' id='word_1_115' title='bbox 86 1756 272 1832; x_wconf 87' lang='lat' dir='ltr'>Hyrtacidae</span> <span class='ocrx_word' id='word_1_116' title='bbox 289 1761 412 1833; x_wconf 89' lang='lat' dir='ltr'>juvenis</span> <span class='ocrx_word' id='word_1_117' title='bbox 430 1762 564 1818; x_wconf 86' lang='lat' dir='ltr'>volucres</span> <span class='ocrx_word' id='word_1_118' title='bbox 579 1760 752 1816; x_wconf 86' lang='lat' dir='ltr'>diverberat</span> <span class='ocrx_word' id='word_1_119' title='bbox 766 1775 865 1826; x_wconf 91' lang='lat' dir='ltr'>auras,</span> 
     </span>
     <span class='ocr_line' id='line_1_21' title="bbox 85 1836 781 1915; baseline 0.003 -22"><span class='ocrx_word' id='word_1_120' title='bbox 85 1836 127 1893; x_wconf 83' lang='lat' dir='ltr'>Et</span> <span class='ocrx_word' id='word_1_121' title='bbox 142 1839 225 1895; x_wconf 89' lang='lat' dir='ltr'>venit</span> <span class='ocrx_word' id='word_1_122' title='bbox 241 1840 418 1915; x_wconf 86' lang='lat' dir='ltr'>adversique</span> <span class='ocrx_word' id='word_1_123' title='bbox 433 1840 569 1914; x_wconf 85' lang='lat' dir='ltr'>infigitur</span> <span class='ocrx_word' id='word_1_124' title='bbox 584 1840 687 1895; x_wconf 86' lang='lat' dir='ltr'>arbore</span> <span class='ocrx_word' id='word_1_125' title='bbox 702 1838 781 1895; x_wconf 90' lang='lat' dir='ltr'>mali.</span> 
     </span>
    </p>

    <p class='ocr_par' dir='ltr' id='par_1_3' title="bbox 31 1916 824 2073">
     <span class='ocr_line' id='line_1_22' title="bbox 31 1916 824 1994; baseline 0.001 -23"><span class='ocrx_word' id='word_1_126' title='bbox 31 1922 33 1926; x_wconf 81' lang='grc'>’</span> <span class='ocrx_word' id='word_1_127' title='bbox 85 1916 247 1974; x_wconf 88' lang='lat' dir='ltr'>Intremuit</span> <span class='ocrx_word' id='word_1_128' title='bbox 262 1919 367 1988; x_wconf 82' lang='lat' dir='ltr'>malus,</span> <span class='ocrx_word' id='word_1_129' title='bbox 383 1921 542 1994; x_wconf 90' lang='lat' dir='ltr'>timuitque</span> <span class='ocrx_word' id='word_1_130' title='bbox 558 1919 702 1975; x_wconf 79' lang='lat' dir='ltr'>exterrita</span> <span class='ocrx_word' id='word_1_131' title='bbox 715 1917 824 1993; x_wconf 90' lang='lat' dir='ltr'>pennis</span> 
     </span>
     <span class='ocr_line' id='line_1_23' title="bbox 85 1997 773 2073; baseline 0.003 -21"><span class='ocrx_word' id='word_1_132' title='bbox 85 1997 168 2066; x_wconf 74' lang='lat' dir='ltr'>Alea,</span> <span class='ocrx_word' id='word_1_133' title='bbox 185 2003 215 2053; x_wconf 89' lang='lat' dir='ltr'>et</span> <span class='ocrx_word' id='word_1_134' title='bbox 232 1999 347 2072; x_wconf 77' lang='lat' dir='ltr'>ingenti</span> <span class='ocrx_word' id='word_1_135' title='bbox 363 2004 528 2056; x_wconf 86' lang='lat' dir='ltr'>sonuerunt</span> <span class='ocrx_word' id='word_1_136' title='bbox 542 1999 642 2055; x_wconf 92' lang='lat' dir='ltr'>omnia</span> <span class='ocrx_word' id='word_1_137' title='bbox 656 1998 773 2073; x_wconf 88' lang='lat' dir='ltr'>plausu.</span> 
     </span>
    </p>

    <p class='ocr_par' dir='ltr' id='par_1_4' title="bbox 85 2074 919 2391">
     <span class='ocr_line' id='line_1_24' title="bbox 86 2074 828 2144; baseline 0.003 -13"><span class='ocrx_word' id='word_1_138' title='bbox 86 2074 162 2132; x_wconf 88' lang='lat' dir='ltr'>Post</span> <span class='ocrx_word' id='word_1_139' title='bbox 177 2096 244 2134; x_wconf 88' lang='lat' dir='ltr'>acer</span> <span class='ocrx_word' id='word_1_140' title='bbox 258 2078 438 2137; x_wconf 86' lang='lat' dir='ltr'>Mnestheus</span> <span class='ocrx_word' id='word_1_141' title='bbox 454 2079 584 2136; x_wconf 86' lang='lat' dir='ltr'>adducto</span> <span class='ocrx_word' id='word_1_142' title='bbox 599 2079 735 2135; x_wconf 87' lang='lat' dir='ltr'>constitit</span> <span class='ocrx_word' id='word_1_143' title='bbox 749 2094 828 2144; x_wconf 86' lang='lat' dir='ltr'>arcu,</span> 
     </span>
     <span class='ocr_line' id='line_1_25' title="bbox 85 2154 919 2233; baseline 0 -22"><span class='ocrx_word' id='word_1_144' title='bbox 85 2155 160 2212; x_wconf 88' lang='lat' dir='ltr'>Alta</span> <span class='ocrx_word' id='word_1_145' title='bbox 173 2164 287 2231; x_wconf 75' lang='lat' dir='ltr'>petens</span> <span class='ocrx_word' id='word_1_146' title='bbox 303 2159 473 2233; x_wconf 87' lang='lat' dir='ltr'>pariterque</span> <span class='ocrx_word' id='word_1_147' title='bbox 489 2158 590 2215; x_wconf 89' lang='lat' dir='ltr'>oculos</span> <span class='ocrx_word' id='word_1_148' title='bbox 605 2158 756 2232; x_wconf 90' lang='lat' dir='ltr'>telumque</span> <span class='ocrx_word' id='word_1_149' title='bbox 771 2154 919 2228; x_wconf 89' lang='lat' dir='ltr'>tetendit;</span> 
     </span>
     <span class='ocr_line' id='line_1_26' title="bbox 86 2235 842 2312; baseline 0 -21"><span class='ocrx_word' id='word_1_150' title='bbox 86 2235 146 2292; x_wconf 83' lang='lat' dir='ltr'>Ast</span> <span class='ocrx_word' id='word_1_151' title='bbox 159 2237 256 2312; x_wconf 90' lang='lat' dir='ltr'>ipsam</span> <span class='ocrx_word' id='word_1_152' title='bbox 271 2238 459 2295; x_wconf 86' lang='lat' dir='ltr'>miserandus</span> <span class='ocrx_word' id='word_1_153' title='bbox 475 2256 561 2294; x_wconf 89' lang='lat' dir='ltr'>avem</span> <span class='ocrx_word' id='word_1_154' title='bbox 577 2238 750 2311; x_wconf 87' lang='lat' dir='ltr'>contingere</span> <span class='ocrx_word' id='word_1_155' title='bbox 765 2236 842 2293; x_wconf 88' lang='lat' dir='ltr'>ferro</span> 
     </span>
     <span class='ocr_line' id='line_1_27' title="bbox 86 2313 783 2391; baseline 0 -20"><span class='ocrx_word' id='word_1_156' title='bbox 86 2313 157 2371; x_wconf 92' lang='lat' dir='ltr'>Non</span> <span class='ocrx_word' id='word_1_157' title='bbox 172 2317 284 2390; x_wconf 89' lang='lat' dir='ltr'>valuit;</span> <span class='ocrx_word' id='word_1_158' title='bbox 306 2319 401 2374; x_wconf 83' lang='lat' dir='ltr'>nodos</span> <span class='ocrx_word' id='word_1_159' title='bbox 417 2324 448 2375; x_wconf 92' lang='lat' dir='ltr'>et</span> <span class='ocrx_word' id='word_1_160' title='bbox 463 2318 584 2374; x_wconf 87' lang='lat' dir='ltr'>vincula</span> <span class='ocrx_word' id='word_1_161' title='bbox 599 2317 679 2374; x_wconf 90' lang='lat' dir='ltr'>linea</span> <span class='ocrx_word' id='word_1_162' title='bbox 694 2317 783 2391; x_wconf 90' lang='lat' dir='ltr'>rupit,</span> 
     </span>
    </p>

    <p class='ocr_par' dir='ltr' id='par_1_5' title="bbox 87 2394 813 2472">
     <span class='ocr_line' id='line_1_28' title="bbox 87 2394 813 2472; baseline 0.001 -22"><span class='ocrx_word' id='word_1_163' title='bbox 87 2394 162 2466; x_wconf 82' lang='lat' dir='ltr'>Quis</span> <span class='ocrx_word' id='word_1_164' title='bbox 176 2397 286 2454; x_wconf 84' lang='lat' dir='ltr'>innexa</span> <span class='ocrx_word' id='word_1_165' title='bbox 300 2399 407 2472; x_wconf 90' lang='lat' dir='ltr'>pedem</span> <span class='ocrx_word' id='word_1_166' title='bbox 423 2397 503 2454; x_wconf 89' lang='lat' dir='ltr'>maio</span> <span class='ocrx_word' id='word_1_167' title='bbox 518 2397 668 2472; x_wconf 87' lang='lat' dir='ltr'>pendebat</span> <span class='ocrx_word' id='word_1_168' title='bbox 683 2397 720 2452; x_wconf 93' lang='lat' dir='ltr'>ab</span> <span class='ocrx_word' id='word_1_169' title='bbox 737 2395 813 2466; x_wconf 88' lang='lat' dir='ltr'>alto;</span> 
     </span>
    </p>

    <p class='ocr_par' dir='ltr' id='par_1_6' title="bbox 86 2473 874 3108">
     <span class='ocr_line' id='line_1_29' title="bbox 86 2473 830 2551; baseline 0.001 -21"><span class='ocrx_word' id='word_1_170' title='bbox 86 2473 144 2531; x_wconf 90' lang='lat' dir='ltr'>Illa</span> <span class='ocrx_word' id='word_1_171' title='bbox 158 2475 256 2534; x_wconf 91' lang='lat' dir='ltr'>Notos</span> <span class='ocrx_word' id='word_1_172' title='bbox 272 2483 361 2551; x_wconf 87' lang='lat' dir='ltr'>atque</span> <span class='ocrx_word' id='word_1_173' title='bbox 377 2485 443 2534; x_wconf 88' lang='lat' dir='ltr'>atra</span> <span class='ocrx_word' id='word_1_174' title='bbox 458 2478 565 2534; x_wconf 89' lang='lat' dir='ltr'>volans</span> <span class='ocrx_word' id='word_1_175' title='bbox 579 2477 610 2532; x_wconf 94' lang='lat' dir='ltr'>in</span> <span class='ocrx_word' id='word_1_176' title='bbox 625 2476 728 2532; x_wconf 88' lang='lat' dir='ltr'>nubila</span> <span class='ocrx_word' id='word_1_177' title='bbox 744 2475 830 2548; x_wconf 90' lang='lat' dir='ltr'>fugit.</span> 
     </span>
     <span class='ocr_line' id='line_1_30' title="bbox 86 2552 863 2632; baseline -0.001 -23"><span class='ocrx_word' id='word_1_178' title='bbox 86 2552 163 2610; x_wconf 80' lang='lat' dir='ltr'>Tum</span> <span class='ocrx_word' id='word_1_179' title='bbox 179 2557 309 2632; x_wconf 89' lang='lat' dir='ltr'>rapidus,</span> <span class='ocrx_word' id='word_1_180' title='bbox 322 2558 499 2628; x_wconf 81' lang='lat' dir='ltr'>jamdudum</span> <span class='ocrx_word' id='word_1_181' title='bbox 517 2574 587 2613; x_wconf 91' lang='lat' dir='ltr'>areu</span> <span class='ocrx_word' id='word_1_182' title='bbox 602 2561 743 2612; x_wconf 87' lang='lat' dir='ltr'>contenta</span> <span class='ocrx_word' id='word_1_183' title='bbox 756 2558 863 2629; x_wconf 88' lang='lat' dir='ltr'>parato</span> 
     </span>
     <span class='ocr_line' id='line_1_31' title="bbox 86 2632 874 2710; baseline -0.004 -21"><span class='ocrx_word' id='word_1_184' title='bbox 86 2632 160 2690; x_wconf 80' lang='lat' dir='ltr'>Tela</span> <span class='ocrx_word' id='word_1_185' title='bbox 174 2640 288 2705; x_wconf 78' lang='lat' dir='ltr'>tenena,</span> <span class='ocrx_word' id='word_1_186' title='bbox 305 2637 427 2693; x_wconf 80' lang='lat' dir='ltr'>fratrem</span> <span class='ocrx_word' id='word_1_187' title='bbox 445 2637 596 2710; x_wconf 82' lang='lat' dir='ltr'>Eurytion</span> <span class='ocrx_word' id='word_1_188' title='bbox 612 2635 642 2690; x_wconf 90' lang='lat' dir='ltr'>in</span> <span class='ocrx_word' id='word_1_189' title='bbox 658 2642 729 2691; x_wconf 90' lang='lat' dir='ltr'>vota</span> <span class='ocrx_word' id='word_1_190' title='bbox 745 2632 874 2700; x_wconf 81' lang='lat' dir='ltr'>vocavit,</span> 
     </span>
     <span class='ocr_line' id='line_1_32' title="bbox 86 2712 803 2790; baseline -0.001 -22"><span class='ocrx_word' id='word_1_191' title='bbox 86 2713 157 2770; x_wconf 87' lang='lat' dir='ltr'>Jam</span> <span class='ocrx_word' id='word_1_192' title='bbox 173 2734 268 2774; x_wconf 88' lang='lat' dir='ltr'>vacuo</span> <span class='ocrx_word' id='word_1_193' title='bbox 282 2717 392 2772; x_wconf 89' lang='lat' dir='ltr'>laetam</span> <span class='ocrx_word' id='word_1_194' title='bbox 407 2717 489 2774; x_wconf 87' lang='lat' dir='ltr'>eaelo</span> <span class='ocrx_word' id='word_1_195' title='bbox 505 2715 684 2790; x_wconf 81' lang='lat' dir='ltr'>speculatus</span> <span class='ocrx_word' id='word_1_196' title='bbox 701 2722 731 2770; x_wconf 92' lang='lat' dir='ltr'>et</span> <span class='ocrx_word' id='word_1_197' title='bbox 746 2712 803 2769; x_wconf 92' lang='lat' dir='ltr'>alis</span> 
     </span>
     <span class='ocr_line' id='line_1_33' title="bbox 87 2792 822 2870; baseline -0.005 -20"><span class='ocrx_word' id='word_1_198' title='bbox 87 2793 283 2853; x_wconf 90' lang='lat' dir='ltr'>Plaudentem</span> <span class='ocrx_word' id='word_1_199' title='bbox 300 2797 388 2869; x_wconf 85' lang='lat' dir='ltr'>nigra</span> <span class='ocrx_word' id='word_1_200' title='bbox 402 2795 468 2870; x_wconf 86' lang='lat' dir='ltr'>figit</span> <span class='ocrx_word' id='word_1_201' title='bbox 483 2795 631 2852; x_wconf 83' lang='lat' dir='ltr'>subnuba</span> <span class='ocrx_word' id='word_1_202' title='bbox 646 2792 822 2850; x_wconf 85' lang='lat' dir='ltr'>columbam.</span> 
     </span>
     <span class='ocr_line' id='line_1_34' title="bbox 91 2869 837 2949; baseline -0.008 -19"><span class='ocrx_word' id='word_1_203' title='bbox 91 2873 209 2933; x_wconf 90' lang='lat' dir='ltr'>Decidit</span> <span class='ocrx_word' id='word_1_204' title='bbox 222 2876 378 2943; x_wconf 87' lang='lat' dir='ltr'>exanimis,</span> <span class='ocrx_word' id='word_1_205' title='bbox 395 2876 551 2949; x_wconf 87' lang='lat' dir='ltr'>vitamque</span> <span class='ocrx_word' id='word_1_206' title='bbox 567 2873 687 2948; x_wconf 84' lang='lat' dir='ltr'>reliquit</span> <span class='ocrx_word' id='word_1_207' title='bbox 701 2872 731 2927; x_wconf 93' lang='lat' dir='ltr'>in</span> <span class='ocrx_word' id='word_1_208' title='bbox 747 2869 837 2926; x_wconf 90' lang='lat' dir='ltr'>astris</span> 
     </span>
     <span class='ocr_line' id='line_1_35' title="bbox 89 2951 823 3029; baseline -0.007 -19"><span class='ocrx_word' id='word_1_209' title='bbox 89 2955 248 3024; x_wconf 88' lang='lat' dir='ltr'>Aetheriis,</span> <span class='ocrx_word' id='word_1_210' title='bbox 265 2956 412 3029; x_wconf 84' lang='lat' dir='ltr'>fixaruqne</span> <span class='ocrx_word' id='word_1_211' title='bbox 427 2955 518 3011; x_wconf 87' lang='lat' dir='ltr'>refert</span> <span class='ocrx_word' id='word_1_212' title='bbox 532 2955 654 3028; x_wconf 83' lang='lat' dir='ltr'>delapsa</span> <span class='ocrx_word' id='word_1_213' title='bbox 670 2951 823 3024; x_wconf 75' lang='lat' dir='ltr'>sagittam.</span> 
     </span>
     <span class='ocr_line' id='line_1_36' title="bbox 87 3032 753 3108; baseline -0.003 -20"><span class='ocrx_word' id='word_1_214' title='bbox 87 3034 211 3090; x_wconf 82' lang='lat' dir='ltr'>Amissa</span> <span class='ocrx_word' id='word_1_215' title='bbox 226 3036 308 3091; x_wconf 84' lang='lat' dir='ltr'>solus</span> <span class='ocrx_word' id='word_1_216' title='bbox 322 3035 425 3108; x_wconf 87' lang='lat' dir='ltr'>palma</span> <span class='ocrx_word' id='word_1_217' title='bbox 440 3034 602 3108; x_wconf 85' lang='lat' dir='ltr'>superabat</span> <span class='ocrx_word' id='word_1_218' title='bbox 618 3032 753 3099; x_wconf 80' lang='lat' dir='ltr'>Acestes,</span> 
     </span>
    </p>

    <p class='ocr_par' dir='ltr' id='par_1_7' title="bbox 80 3110 895 3424">
     <span class='ocr_line' id='line_1_37' title="bbox 88 3110 810 3184; baseline -0.003 -17"><span class='ocrx_word' id='word_1_219' title='bbox 88 3112 144 3184; x_wconf 81' lang='lat' dir='ltr'>Qui</span> <span class='ocrx_word' id='word_1_220' title='bbox 160 3120 263 3169; x_wconf 86' lang='lat' dir='ltr'>temen</span> <span class='ocrx_word' id='word_1_221' title='bbox 279 3115 373 3170; x_wconf 71' lang='lat' dir='ltr'>aerias</span> <span class='ocrx_word' id='word_1_222' title='bbox 388 3114 481 3169; x_wconf 89' lang='lat' dir='ltr'>telum</span> <span class='ocrx_word' id='word_1_223' title='bbox 498 3111 651 3169; x_wconf 84' lang='lat' dir='ltr'>contendit</span> <span class='ocrx_word' id='word_1_224' title='bbox 666 3110 695 3165; x_wconf 93' lang='lat' dir='ltr'>in</span> <span class='ocrx_word' id='word_1_225' title='bbox 713 3126 810 3176; x_wconf 89' lang='lat' dir='ltr'>auras,</span> 
     </span>
     <span class='ocr_line' id='line_1_38' title="bbox 89 3190 880 3268; baseline -0.006 -21"><span class='ocrx_word' id='word_1_226' title='bbox 89 3190 255 3249; x_wconf 89' lang='lat' dir='ltr'>Ostentans</span> <span class='ocrx_word' id='word_1_227' title='bbox 271 3202 425 3267; x_wconf 84' lang='lat' dir='ltr'>artemque</span> <span class='ocrx_word' id='word_1_228' title='bbox 440 3200 525 3268; x_wconf 87' lang='lat' dir='ltr'>pater</span> <span class='ocrx_word' id='word_1_229' title='bbox 540 3207 698 3263; x_wconf 88' lang='lat' dir='ltr'>arcumque</span> <span class='ocrx_word' id='word_1_230' title='bbox 714 3193 880 3245; x_wconf 88' lang='lat' dir='ltr'>sonantem.</span> 
     </span>
     <span class='ocr_line' id='line_1_39' title="bbox 89 3268 895 3344; baseline -0.007 -16"><span class='ocrx_word' id='word_1_231' title='bbox 89 3271 148 3328; x_wconf 89' lang='lat' dir='ltr'>Hic</span> <span class='ocrx_word' id='word_1_232' title='bbox 163 3271 258 3329; x_wconf 87' lang='lat' dir='ltr'>oculis</span> <span class='ocrx_word' id='word_1_233' title='bbox 273 3272 406 3328; x_wconf 85' lang='lat' dir='ltr'>subitum</span> <span class='ocrx_word' id='word_1_234' title='bbox 423 3272 559 3344; x_wconf 79' lang='lat' dir='ltr'>ohjieitar</span> <span class='ocrx_word' id='word_1_235' title='bbox 576 3286 745 3342; x_wconf 87' lang='lat' dir='ltr'>magnoque</span> <span class='ocrx_word' id='word_1_236' title='bbox 760 3268 895 3324; x_wconf 83' lang='lat' dir='ltr'>futurum</span> 
     </span>
     <span class='ocr_line' id='line_1_40' title="bbox 80 3347 883 3424; baseline -0.005 -20"><span class='ocrx_word' id='word_1_237' title='bbox 80 3351 223 3421; x_wconf 68' lang='lat' dir='ltr'>Auguria</span> <span class='ocrx_word' id='word_1_238' title='bbox 237 3357 428 3409; x_wconf 84' lang='lat' dir='ltr'>monstrum:</span> <span class='ocrx_word' id='word_1_239' title='bbox 449 3350 551 3409; x_wconf 88' lang='lat' dir='ltr'>docuit</span> <span class='ocrx_word' id='word_1_240' title='bbox 566 3354 636 3424; x_wconf 84' lang='lat' dir='ltr'>post</span> <span class='ocrx_word' id='word_1_241' title='bbox 650 3348 751 3404; x_wconf 81' lang='lat' dir='ltr'>exitus</span> <span class='ocrx_word' id='word_1_242' title='bbox 765 3347 883 3418; x_wconf 86' lang='lat' dir='ltr'>ingens,</span> 
     </span>
    </p>
   </div>
   <div class='ocr_carea' id='block_1_3' title="bbox 966 328 1023 387">
    <p class='ocr_par' dir='ltr' id='par_1_8' title="bbox 966 328 1023 387">
     <span class='ocr_line' id='line_1_41' title="bbox 966 328 1023 387; baseline 0.035 -2"><span class='ocrx_word' id='word_1_243' title='bbox 966 328 1023 387; x_wconf 82' lang='grc'>485</span> 
     </span>
    </p>
   </div>
   <div class='ocr_carea' id='block_1_4' title="bbox 966 724 1024 783">
    <p class='ocr_par' dir='ltr' id='par_1_9' title="bbox 966 724 1024 783">
     <span class='ocr_line' id='line_1_42' title="bbox 966 724 1024 783; baseline 0.034 -3"><span class='ocrx_word' id='word_1_244' title='bbox 966 724 1024 783; x_wconf 82' lang='grc'>490</span> 
     </span>
    </p>
   </div>
   <div class='ocr_carea' id='block_1_5' title="bbox 964 1120 1021 1177">
    <p class='ocr_par' dir='ltr' id='par_1_10' title="bbox 964 1120 1021 1177">
     <span class='ocr_line' id='line_1_43' title="bbox 964 1120 1021 1177; baseline 0 0"><span class='ocrx_word' id='word_1_245' title='bbox 964 1120 1021 1177; x_wconf 85' lang='grc'>405</span> 
     </span>
    </p>
   </div>
   <div class='ocr_carea' id='block_1_6' title="bbox 962 1517 1023 1574">
    <p class='ocr_par' dir='ltr' id='par_1_11' title="bbox 962 1517 1023 1574">
     <span class='ocr_line' id='line_1_44' title="bbox 962 1517 1023 1574; baseline 0 0"><span class='ocrx_word' id='word_1_246' title='bbox 962 1517 1023 1574; x_wconf 87' lang='grc'>500</span> 
     </span>
    </p>
   </div>
   <div class='ocr_carea' id='block_1_7' title="bbox 963 1912 1022 1971">
    <p class='ocr_par' dir='ltr' id='par_1_12' title="bbox 963 1912 1022 1971">
     <span class='ocr_line' id='line_1_45' title="bbox 963 1912 1022 1971; baseline -0.034 0"><span class='ocrx_word' id='word_1_247' title='bbox 963 1912 1022 1971; x_wconf 87' lang='grc'>505</span> 
     </span>
    </p>
   </div>
   <div class='ocr_carea' id='block_1_8' title="bbox 965 2317 1024 2372">
    <p class='ocr_par' dir='ltr' id='par_1_13' title="bbox 965 2317 1024 2372">
     <span class='ocr_line' id='line_1_46' title="bbox 965 2317 1024 2372; baseline 0 0"><span class='ocrx_word' id='word_1_248' title='bbox 965 2317 1024 2372; x_wconf 89' lang='grc'>510</span> 
     </span>
    </p>
   </div>
   <div class='ocr_carea' id='block_1_9' title="bbox 968 2712 1024 2768">
    <p class='ocr_par' dir='ltr' id='par_1_14' title="bbox 968 2712 1024 2768">
     <span class='ocr_line' id='line_1_47' title="bbox 968 2712 1024 2768; baseline -0.018 0"><span class='ocrx_word' id='word_1_249' title='bbox 968 2712 1024 2768; x_wconf 85' lang='grc'>515</span> 
     </span>
    </p>
   </div>
   <div class='ocr_carea' id='block_1_10' title="bbox 968 3108 1028 3164">
    <p class='ocr_par' dir='ltr' id='par_1_15' title="bbox 968 3108 1028 3164">
     <span class='ocr_line' id='line_1_48' title="bbox 968 3108 1028 3164; baseline 0 0"><span class='ocrx_word' id='word_1_250' title='bbox 968 3108 1028 3164; x_wconf 79' lang='grc'>520</span> 
     </span>
    </p>
   </div>
   <div class='ocr_carea' id='block_1_11' title="bbox 0 0 1106 3676">
    <p class='ocr_par' dir='ltr' id='par_1_16' title="bbox 0 0 1106 3676">
     <span class='ocr_line' id='line_1_49' title="bbox 0 0 1106 3676; baseline 0 0"><span class='ocrx_word' id='word_1_251' title='bbox 0 0 1106 3676; x_wconf 95' lang='lat' dir='ltr'> </span> 
     </span>
    </p>
   </div>
  </div>
 </body>
</html>
