2204 3676
350 175 507 226 vuaorar
530 175 669 225 ruanis
695 177 744 225 vr.
957 163 1019 227 135

76 328 164 388 Felix
177 328 262 406 prole
276 327 394 387 virtmz
415 327 515 403 qualis
529 325 711 404 Berecyntia
724 335 821 388 mater

76 407 237 469 Invehitur
251 425 340 467 curru
355 406 511 482 Phrygias
524 407 635 465 turrita
648 426 701 482 per
715 409 815 479 urbes,
962 409 1017 471 785

77 488 177 546 Laeta
191 487 281 546 deiun
294 493 393 563 partu,
408 492 531 545 centum
545 487 701 564 complexa
715 496 849 563 nepotes

77 567 192 624 Omnes
207 566 373 636 caelicolas,
389 583 494 624 omues
509 582 619 639 supera
633 566 697 624 alta
709 572 857 626 tenentes,

78 646 148 704 Hac
163 645 302 720 geminas
315 662 396 705 nnuc
408 644 494 703 flecte
509 645 597 716 acies,
610 645 687 704 hanc
701 648 802 723 aspice
816 653 939 723 gentem

77 726 294 800 Romanosque
308 730 386 785 tuos.
427 723 489 783 Hic
505 723 620 783 Caesar
633 730 664 784 et
679 727 776 784 omnis
790 728 849 786 Iuli

78 804 255 879 Progenies,
269 822 414 879 magnum
429 804 504 862 caeli
519 812 648 863 ventura
661 806 717 863 sub
732 825 826 865 axem.
961 809 1018 870 790

77 883 139 942 Hic
153 884 208 954 vir,
224 883 273 942 hic
287 891 343 954 est,
359 884 414 942 tibi
429 902 519 960 quem
533 885 670 960 promitti
684 887 805 962 saepius
820 887 917 958 audis,

77 963 241 1038 Augustus
256 962 378 1034 caesar,
394 963 467 1022 Divi
483 981 588 1039 genua,
605 982 697 1023 aurea
711 966 820 1024 condet

79 1043 208 1102 Saecula
220 1042 273 1119 qui
286 1061 391 1101 rursus
407 1044 506 1115 Latio,
521 1051 650 1119 regnata
662 1063 716 1121 per
730 1063 803 1103 arva

79 1122 211 1181 Saturno
226 1122 386 1199 quondam,
403 1129 538 1199 superet
554 1124 756 1183 Garamantas
771 1131 802 1183 et
816 1125 911 1185 Indos

79 1203 217 1261 Proferet
230 1203 407 1278 imperium,
429 1205 524 1279 (jacet
538 1209 624 1262 extra
638 1205 738 1262 sidera
751 1205 851 1277 tellus,
957 1206 1014 1267 795

58 1348 61 1353 ,
78 1281 177 1341 Extra
191 1282 262 1340 anni
276 1282 407 1359 solisque
422 1284 499 1354 vias,
516 1283 568 1340 ubi
582 1284 703 1342 caelifer
717 1285 810 1343 Atlas

79 1362 178 1420 Axem
192 1361 315 1420 humero
330 1367 451 1439 torquet
465 1362 562 1421 stellis
577 1365 752 1421 ardentibus
766 1365 895 1440 aptum.)

78 1441 180 1515 Hujus
193 1442 226 1498 in
240 1442 405 1500 adventum
420 1444 485 1516 jam
499 1450 624 1502 nuncet
640 1443 752 1520 Caspia
764 1462 859 1519 regna

79 1521 248 1596 Responsis
263 1520 385 1579 horrent
397 1520 502 1580 divum
517 1527 549 1579 et
563 1522 699 1581 Maeotia
712 1524 811 1594 tellus,

79 1600 121 1658 Idt
134 1601 364 1677 septemgemini
378 1602 503 1659 turbant
517 1603 635 1677 trepida
649 1603 728 1660 ostia
743 1603 813 1662 Nili
957 1607 1016 1664 800

79 1679 144 1739 Nec
158 1696 229 1737 vero
244 1680 367 1739 Alcides
382 1684 502 1738 tantum
516 1681 633 1739 telluris
648 1682 752 1752 obivit,

79 1759 193 1817 Fixerit
208 1759 375 1835 aeripedem
389 1778 510 1818 cervam
524 1760 602 1831 lieet,
619 1766 671 1818 aut
685 1761 869 1836 Erymanthi
908 1780 918 1791 ·
932 1768 937 1775 '

79 1839 203 1897 Pacarit
216 1856 346 1909 nemora,
361 1845 392 1898 et
407 1840 537 1897 Lernam
551 1841 751 1899 tremefecerit
766 1860 855 1916 arcu;

78 1918 108 1976 N
109 1938 151 1989 ec,
167 1918 219 1995 qui
232 1919 397 1996 pampineis
412 1920 509 1977 victor
524 1921 601 1994 juga
615 1919 707 1978 flectit
721 1921 856 1992 habenis,

79 1998 179 2069 Liber,
196 2016 289 2074 agens
304 1999 383 2056 celso
398 1998 506 2075 Nysae
520 2001 557 2056 de
573 2000 684 2058 vertice
699 2001 801 2075 tigres.
957 2002 1015 2060 805

79 2078 121 2136 Et
134 2078 309 2137 dubitamus
324 2078 421 2136 adhuc
435 2080 579 2136 virtutem
594 2081 753 2138 extendere
768 2080 864 2152 factis,
972 2076 977 2081 ’

79 2158 145 2216 Aut
159 2164 259 2216 metus
273 2158 413 2215 Ausonia
425 2158 566 2233 prohibet
580 2160 744 2218 consistere
758 2159 863 2219 terra?
906 2226 909 2232 ,

79 2238 155 2311 Quis
170 2238 274 2313 procul
288 2237 339 2295 ille
354 2243 455 2295 antem
469 2240 562 2296 ramis
576 2239 705 2313 insignis
721 2240 827 2310 olivae,

79 2317 172 2376 Sacra
184 2315 305 2375 ferens?
346 2316 376 2374 N
378 2335 448 2375 oseo
462 2318 558 2375 crines
572 2319 738 2394 incanaque
753 2325 856 2378 menta

79 2397 176 2472 Regis
191 2397 332 2466 Romani,
347 2397 475 2473 primam
491 2399 543 2472 qui
556 2398 673 2472 legibus
688 2400 793 2457 urbem
957 2399 1015 2458 810

79 2476 241 2547 Fundabit,
258 2476 388 2536 Curibus
402 2478 506 2552 parvis
520 2483 551 2535 ct
565 2495 694 2554 paupere
708 2484 788 2536 terra

78 2556 195 2614 Missus
208 2555 241 2613 in
254 2556 413 2632 imperium
426 2574 579 2631 magnum.
623 2557 681 2617 Oui
695 2558 803 2616 deinde
818 2556 939 2629 subibit,

80 2634 154 2693 Otia
168 2636 219 2710 qui
233 2641 352 2710 rumpet
366 2636 480 2712 patriae
495 2637 668 2712 residesque
683 2637 816 2695 movebit

79 2714 186 2773 Tullus
200 2714 232 2772 iu
246 2733 330 2772 arma
345 2717 427 2773 viros
441 2722 472 2773 et
488 2718 552 2790 jam
567 2717 693 2774 desueta
707 2716 868 2791 triumphis

78 2794 242 2878 Agmina·
267 2795 364 2868 Quem
379 2797 467 2869 juxta
480 2796 617 2871 sequitur
632 2797 797 2870 jactantior
811 2796 926 2865 Ancus,
957 2798 1014 2853 815

78 2873 168 2932 Nunc
182 2892 300 2949 quoque
318 2876 383 2948 Jam
398 2875 525 2933 nimium
540 2877 677 2949 gaudens
691 2875 888 2952 popularibus
903 2875 992 2933 auris.

78 2952 137 3010 Vis
151 2958 181 3010 et
196 2952 376 3028 Tarquinios
390 2971 485 3028 reges,
502 2955 693 3030 animamque
709 2954 871 3029 superbam

78 3032 198 3090 Ultoris
212 3031 309 3104 Bruti,
324 3033 480 3108 fascesque
494 3034 596 3091 videre
610 3032 768 3110 receptos?

80 3111 223 3171 Consulis
236 3111 395 3188 imperium
410 3111 459 3170 hic
473 3113 590 3187 primus
605 3130 772 3187 saevasque
788 3128 906 3169 secures

79 3191 228 3267 Accipiet,
242 3197 389 3267 natosque
403 3198 489 3266 pater
504 3209 584 3248 nova
597 3192 676 3249 bella
689 3198 848 3248 moventes
958 3194 1016 3250 820

79 3270 132 3329 Ad
144 3286 274 3347 poenam
287 3269 412 3345 pulchra
425 3287 478 3346 pro
493 3270 633 3327 libertate
648 3270 776 3340 vocabit,

79 3348 207 3410 Infellxl
249 3348 425 3427 Utcumque
440 3350 537 3408 ferent
550 3367 587 3407 ea
601 3350 682 3409 fecta
694 3351 841 3421 minores,

79 3428 191 3487 Vincet
200 3444 288 3488 amor
293 3429 414 3506 patriae
427 3430 618 3513 laudumque
633 3432 795 3495 immensa
807 3429 936 3511 cupido.
