2204 3676
235 274 238 280 ¹
331 203 489 250 vnaernr
513 202 652 248 nassis
678 201 728 250 vr.
948 185 1026 248 129-

70 355 129 413 Vis
143 361 178 413 ut
192 353 276 412 nulla
291 351 398 423 virum,
413 370 473 412 uon
487 351 547 427 ipsi
560 352 734 410 exscindere
749 351 828 410 bello

72 434 242 491 Caelicolae
257 434 386 490 valeant.
430 432 499 489 Stat
513 433 609 489 ferrea
621 434 712 489 turris
727 433 764 488 ad
780 448 878 501 auras,

71 513 296 587 Tisiphoneque
310 513 427 582 sedens,
444 513 525 586 palla
539 512 692 569 succincte
706 518 838 580 cruenta,
951 511 1009 569 555

70 592 267 650 Vestibulum
280 592 434 649 exsomnis
447 597 550 649 servat
563 598 725 665 noctesque
741 592 871 666 diesque.

71 671 156 729 Hinc
170 671 307 728 exaudiri
321 671 453 746 gemitus
466 676 499 729 et
514 688 607 728 saeva
621 688 728 728 souare

73 752 218 820 Verbera,
234 756 300 806 tum
315 750 428 808 stridor
443 751 512 809 ferri
527 756 699 824 tractaeque
716 755 846 808 catenae.

72 829 220 888 Constitit
234 829 364 899 Aeneae,
380 831 600 904 strepitumque
614 831 773 887 exterritus
788 829 898 887 hausit.

71 910 185 982 “Quae
201 909 345 967 scelernm
360 907 475 967 facies?
494 928 514 966 o
529 911 623 984 virgo,
638 909 745 981 ellare3
765 910 914 983 quibusve
948 909 1007 966 560

72 989 229 1063 Urgentur
243 987 372 1062 poenis?
394 990 445 1063 qui
459 995 565 1047 tantus
580 990 703 1062 clangor
718 989 756 1046 ad
771 1005 858 1045 aures
867 986 880 1045 l
889 988 907 1020 ’'

72 1068 152 1124 Tum
167 1073 252 1125 vates
268 1069 310 1125 sie
324 1085 393 1126 orsa
407 1069 507 1143 loqui:
531 1069 628 1125 “Dux
642 1068 754 1125 inclute
769 1066 925 1136 Teucrum,

72 1146 159 1204 Nulli
174 1147 219 1204 fas
234 1155 317 1204 casto
331 1148 511 1207 sceleratum
525 1149 663 1205 insistere
678 1147 800 1222 limen,

74 1226 136 1284 Sed
150 1244 198 1283 me
212 1245 303 1302 quum
318 1228 394 1284 lueis
410 1228 527 1286 Hecate
541 1227 685 1303 praefecit
699 1227 840 1298 Auernis,

73 1306 147 1380 Ipsa
161 1306 249 1363 deum
263 1325 375 1382 poenas
389 1309 492 1367 docuit
505 1325 616 1382 perque
630 1307 732 1364 omnia
745 1308 839 1364 duxit
947 1307 1005 1364 565

74 1386 208 1446 Gnosius
223 1386 296 1443 haec
312 1387 568 1444 Rhadamanthus
583 1387 681 1455 hebet,
698 1387 860 1444 durissima
874 1402 978 1460 regna,

74 1465 275 1540 Castigatque
291 1467 431 1540 auditque
446 1468 539 1537 dolos,
556 1467 727 1540 subigitque
742 1466 841 1538 fateri,

74 1545 160 1617 Quae
174 1546 241 1620 quis
256 1546 336 1620 apud
351 1564 483 1621 superos,
500 1547 579 1604 furto
594 1547 724 1603 laetatus
739 1546 830 1615 inani,

74 1624 204 1681 Distulit
217 1625 248 1681 in
262 1642 362 1682 seram
376 1627 539 1683 commissa
552 1627 671 1701 piacula
686 1631 821 1682 mortem.

74 1703 227 1761 Continuo
242 1710 344 1762 sentes
359 1705 450 1762 ultrix
464 1706 598 1763 accincta
612 1705 730 1779 flagello
949 1703 1007 1763 510

74 1782 238 1858 Tisiphone
252 1785 351 1859 quatit
364 1785 525 1855 insultans,
539 1792 700 1860 torvosque
715 1784 839 1842 sinistra

74 1863 235 1920 Intentans
250 1881 373 1938 angues,
390 1869 479 1922 vocat
492 1865 617 1939 agmina
632 1882 725 1922 saeva
739 1866 904 1922 sororum.”

74 1941 169 2014 (Tum
183 1942 303 1999 demum
320 1943 476 2001 horrisono
491 1945 654 2002 stridentes
669 1945 790 2001 cardine
805 1961 907 2000 sacrae

75 2021 256 2078 Panduntur
268 2025 397 2098 portae.)
440 2028 456 2053 ‘⁴
469 2023 582 2094 Cernis,
598 2024 736 2082 custodia
751 2023 849 2098 qualis

75 2100 237 2158 Vestibula
252 2101 377 2160 sedeat?
399 2104 492 2161 iacies
507 2122 584 2178 quae
599 2105 705 2161 limina
719 2100 840 2160 servati
950 2101 1008 2162 575

76 2180 304 2255 Quinquaginta
319 2183 392 2239 atris
407 2184 548 2241 immanis
563 2183 698 2240 hiatibus
714 2183 823 2256 Hydra

76 2259 202 2319 Saevior
216 2262 298 2319 intus
313 2261 404 2319 hebet
418 2264 528 2321 sedern.
570 2263 650 2320 Tum
666 2263 811 2320 Tartarus
826 2261 889 2336 ipse
952 2311 955 2315 ,

76 2339 131 2398 Bis
144 2346 231 2416 petet
244 2341 275 2398 in
288 2359 432 2417 praeceps
447 2349 567 2400 tantum
582 2342 737 2416 tenditque
752 2341 809 2397 sub
824 2340 954 2408 umbras,

76 2421 216 2492 Quantus
230 2421 269 2478 ad
283 2421 451 2479 aetherium
466 2423 541 2480 caeli
556 2428 713 2498 suspectus
730 2419 902 2493 Olympum.

77 2499 136 2557 Hic
150 2518 246 2574 genus
262 2501 418 2576 antiquum
434 2502 553 2572 Terrae,
570 2501 692 2559 Titania
706 2499 810 2574 pubes,
951 2497 1009 2553 580

77 2579 217 2637 Fulmina
231 2580 337 2653 dejecti
352 2581 444 2638 fundo
460 2582 624 2639 volvuntur
638 2580 751 2637 inimo.

77 2659 137 2716 Hie
151 2665 183 2716 et
197 2659 325 2717 Aloidas
340 2661 477 2734 geminos
491 2661 637 2718 immania
652 2659 715 2717 vidi

78 2739 222 2813 Oorpora,
237 2740 290 2814 qui
304 2740 444 2797 manibus
459 2758 606 2814 magnum
620 2737 787 2797 rescindere
802 2736 919 2795 caelum

77 2819 236 2893 Aggressi,
252 2820 427 2895 superisque
442 2819 463 2878 J
466 2837 554 2877 ovem
569 2819 727 2877 detrudere
741 2818 851 2890 regnis

78 2897 151 2955 Vidi
166 2904 197 2954 et
210 2899 345 2956 crudeles
359 2900 483 2956 dantem
500 2899 662 2956 Salmonea
674 2913 798 2972 poenae,
953 2894 1012 2950 585

79 2975 160 3034 Dum
176 2977 328 3035 flammam
343 2979 364 3036 J
366 2979 432 3035 ovis
447 2983 478 3035 et
493 2979 610 3034 sonitus
625 2978 761 3034 imitatur
777 2973 909 3049 Olympi.

79 3057 231 3127 Quattuor
245 3056 293 3114 hie
308 3059 446 3114 invectus
460 3057 548 3130 equis
561 3063 592 3114 et
606 3055 747 3132 lampada
762 3069 911 3127 quassans

79 3135 138 3192 Per
154 3133 278 3193 Graiirm
292 3137 420 3210 populos
435 3136 611 3210 mediaeque
626 3153 678 3209 per
692 3134 792 3191 Elidis
807 3132 912 3189 urbem

80 3215 149 3271 Ibat
163 3232 267 3284 ovans,
284 3216 446 3290 divimque
462 3215 518 3271 sibi
533 3216 678 3289 poscebat
693 3213 843 3281 honorem,

80 3292 228 3352 Demens!
249 3295 302 3368 qui
316 3295 434 3352 nimbos
448 3300 480 3350 et
493 3311 554 3350 non
568 3293 714 3352 imitabile
728 3292 850 3350 fulmen
956 3290 1014 3348 590

80 3373 162 3431 Aere
175 3378 207 3431 et
219 3373 410 3449 cornipedum
424 3373 517 3448 pulsu
531 3373 693 3436 simularet
704 3388 865 3454 equorum

183 3461 294 3510 9-51'1
305 3460 403 3510 Boolrs.
