2204 3676
115 196 158 261 42
391 209 549 264 vnaernr
574 212 714 262 000οι5
738 212 780 262 11.
829 189 832 196 ’

157 361 217 422 Hie
231 381 303 421 vcro
318 365 471 438 ingentem
485 382 628 438 pugnam,
644 383 699 423 eeu
713 371 811 423 cetera
824 380 972 443 nusquam

117 443 204 500 Bella
217 443 323 513 forent,
340 444 413 500 nulli
428 450 493 502 tota
507 452 693 502 morerentur
707 447 738 501 in
753 447 835 513 urbe,

119 522 168 579 Sic
182 522 313 578 Martem
329 523 509 580 indomitam
525 524 705 598 Danaosque
722 525 760 580 ad
774 530 855 581 tecta
868 530 990 580 ruentes
1003 527 1059 585 440

119 601 286 671 Cernimus
303 602 518 675 obsessumque
534 608 601 659 acta
615 604 767 660 testudine
782 603 881 661 limen.

119 680 255 737 Haerent
268 681 435 754 parietibus
450 681 556 749 scalae,
573 688 734 756 postesque
749 683 805 739 sub
820 683 902 758 ipsos

118 757 265 817 Nituntur
280 759 432 832 gradibus
448 760 617 835 clipeosque
633 762 670 818 ad
686 763 747 817 tela
761 762 892 819 sinistris

119 838 252 895 Protecti
268 839 419 911 objiciunt,
435 846 581 914 prensant
594 841 719 914 fastigia
733 841 855 915 dextris.

120 916 314 974 Dardanidae
329 924 435 976 eontra
448 925 546 976 turres
561 937 595 977 ac
610 925 675 976 tota
690 920 847 977 domorum
1002 922 1060 978 445

121 997 263 1054 Oulnrina
277 998 457 1066 convellunt,
475 997 537 1069 (his
552 1016 593 1069 se,
608 1000 727 1074 quando
749 1000 855 1057 ultima
876 1005 1010 1069 cernunt,

120 1075 264 1135 Extrema
274 1079 337 1151 jam
351 1079 381 1134 in
397 1084 492 1135 morte
507 1084 613 1153 parant
628 1079 784 1135 defendere
799 1079 892 1152 telis)

120 1155 312 1231 Auratasque
327 1157 437 1226 trabes,
453 1163 588 1215 veterum
604 1159 711 1215 decora
726 1158 788 1214 alta
801 1164 971 1232 pareutum,

121 1235 315 1309 Devolvunt3
338 1236 388 1293 alii
403 1237 516 1293 strictis
531 1238 723 1295 mucronibus
737 1237 813 1294 imas

122 1313 273 1372 Obsedere
287 1316 373 1384 fores,
390 1315 445 1372 has
460 1323 582 1374 servant
596 1317 715 1391 agmine
730 1317 832 1375 denso.
1004 1319 1061 1375 450

122 1393 288 1452 Instaurati
303 1396 403 1463 animi,
419 1396 500 1469 regis
516 1413 684 1455 succurrere
699 1397 796 1467 tectis,

122 1474 303 1550 Auxilioque
319 1474 419 1532 levare
433 1476 522 1546 viros,
539 1477 659 1553 vimque
675 1477 784 1534 addere
799 1476 897 1534 victis.

161 1634 270 1692 Limen
284 1640 350 1692 erat
364 1653 527 1710 caecaeque
543 1637 622 1694 fores
637 1641 669 1693 et
681 1636 805 1711 pervius
819 1654 892 1694 usus

122 1713 282 1772 Tectorum
297 1716 375 1773 inter
389 1734 421 1773 se
437 1715 557 1784 Priami,
572 1721 733 1792 postesque
748 1715 844 1772 relicti

123 1794 152 1850 Α
167 1801 262 1868 tergo,
278 1795 381 1851 infelix
395 1813 454 1869 qua
469 1813 509 1863 sc,
526 1795 596 1851 dum
610 1813 705 1869 regua
720 1796 890 1864 manebant,
1004 1797 1062 1853 455

124 1872 252 1948 Saepius
266 1873 478 1931 Andromache
492 1875 568 1931 ferre
584 1875 759 1932 incomitata
774 1875 891 1931 solebat

123 1952 174 2011 Ad
190 1970 317 2020 soceros,
333 1957 364 2009 et
379 1970 436 2010 avo
450 1971 576 2028 puerum
592 1955 783 2028 Astyanacta
797 1953 946 2012 trahebat.

123 2031 231 2089 Evado
246 2033 283 2089 ad
298 2033 408 2089 summi
422 2033 544 2108 fastigia
558 2033 706 2102 culminis,
723 2033 800 2090 unde

124 2111 198 2169 Tela
213 2130 304 2168 mauu
318 2112 417 2168 miseri
429 2114 586 2185 jactabunt
601 2113 684 2170 irrita
698 2112 813 2170 Teucri,
1053 2184 1055 2188 Ι

124 2191 252 2260 Turrim,
269 2192 299 2249 iu
314 2192 468 2267 praecipiti
486 2198 617 2250 stantem
632 2193 816 2267 summaque
831 2193 888 2250 sub
903 2196 985 2250 astra
1006 2193 1063 2250 400

125 2270 273 2328 Eductam
288 2272 383 2339 testie,
400 2273 479 2329 unde
494 2272 591 2331 omnis
606 2273 695 2345 TrOJa
710 2272 806 2328 videri

124 2349 166 2407 Et
181 2350 320 2407 Danaum
336 2352 443 2408 solitae
458 2369 552 2408 naves
567 2357 598 2408 00
613 2351 747 2409 Achaica
761 2357 867 2420 castra,

125 2430 276 2504 Aggressi
291 2432 367 2487 ferro
383 2433 503 2499 circum,
519 2449 579 2506 qua
594 2448 713 2487 summa
728 2431 864 2488 labantes

124 2509 145 2566 J
148 2515 290 2566 uncturae
305 2511 442 2567 tabulata
456 2512 579 2580 dabant,
596 2511 791 2567 convellimus
806 2510 875 2566 altis

125 2588 263 2658 Sedibus,
280 2590 528 2664 impulimusque:
550 2609 586 2647 ca
600 2591 686 2665 lapsa
700 2597 822 2663 repente
836 2590 954 2646 ruinam
1006 2589 1065 2646 465

125 2669 203 2726 Cum
219 2670 319 2726 sonitu
334 2669 428 2726 trahit
441 2676 472 2726 00
488 2669 628 2726 Danaum
644 2686 733 2742 super
748 2669 871 2742 agmina
885 2669 945 2724 late

124 2749 242 2806 Incidit.
285 2749 346 2806 Ast
361 2749 411 2804 alii
427 2751 565 2818 subeunt,
582 2767 635 2806 nec
650 2766 724 2805 saxa
738 2765 792 2804 nec
807 2748 901 2803 ullum

124 2828 264 2887 Telorum
278 2829 391 2885 interea
407 2834 506 2886 cessat
521 2846 624 2903 genus.

164 2989 357 3046 Vestibulum
378 2994 448 3046 ante
466 2990 564 3065 ipsum
583 2989 737 3064 primoque
754 2987 784 3044 in
798 2988 899 3044 limine
916 2988 1054 3062 Pyrrlms

124 3069 276 3138 Exsultat,
291 3069 361 3126 telis
376 3075 407 3126 ct
421 3070 486 3126 luce
501 3086 640 3126 coruscus
656 3071 745 3140 aina3
1009 3069 1066 3126 llll

125 3150 230 3222 Qualis
245 3149 296 3205 ubi
310 3149 341 3205 in
357 3149 453 3205 lucem
468 3149 588 3206 coluber
601 3148 681 3204 mala
696 3147 833 3220 gramina
847 3152 961 3221 pastus,

125 3227 320 3303 Frigidasub
335 3234 416 3285 terra
429 3228 580 3286 tumidum
595 3245 683 3300 quem
700 3227 806 3283 bruma
820 3227 953 3300 tegebat,

121 3307 153 3365 N
157 3327 213 3366 unc
225 3307 336 3384 positis
351 3324 448 3365 novus
463 3307 580 3364 exuviis
594 3306 769 3380 nitidusque
779 3307 916 3377 juventa,

106 3383 242 3444 Lunata
257 3387 420 3448 convolvit
431 3387 558 3448 sublato
569 3391 693 3465 pectora
703 3390 802 3459 terga,
858 3433 862 3438 .
