2204 3676
341 224 501 274 ruamur
525 221 663 275 Auums
688 227 730 276 11.
966 215 1009 282 37

104 377 244 435 Vertitur
256 376 373 434 interea
387 376 511 447 eaelum,
528 381 558 434 et
572 378 633 435 ruit
642 390 758 436 'oceano
774 394 841 451 uox,
951 383 1008 441 250

62 457 231 514 Involvens
245 458 353 514 umbra
366 475 477 531 magna
491 467 660 532 terramque
674 459 837 534 polumque

63 537 354 612 Myrmidonumque
370 537 471 610 delos;
494 536 553 592 fusi
567 555 621 611 per
635 539 753 594 moenia
769 538 877 596 Teucri

64 616 261 688 Conticuere3
283 633 373 690 sopor
387 616 484 673 fessos
500 617 707 691 complectitur
722 618 814 675 artus.

63 696 105 752 Et
114 698 179 768 jam
196 696 315 770 Argiva
330 695 461 770 phalanx
476 695 631 753 instructis
645 697 777 754 navibus
792 698 855 755 ibat

62 775 93 833 A
108 775 240 844 Tenedo,
254 774 364 831 tacitae
379 792 431 850 per
446 775 543 831 amica
560 775 681 832 silentia
695 776 784 833 lunae
948 780 1005 836 255

63 854 170 912 Litora
185 861 258 912 nota
271 860 386 928 petens,
404 853 541 911 flammas
556 872 649 929 quum
664 856 747 929 regia
761 856 872 932 puppis

62 933 232 1004 Extulerat,
248 934 378 1008 fatisque
393 933 481 991 derim
498 934 640 991 defensus
654 935 767 1010 iniquis

62 1013 202 1071 Inelusos
217 1020 302 1071 utero
318 1014 442 1070 Danaos
457 1019 488 1070 et
500 1014 592 1088 pinea
607 1014 710 1070 furtim

63 1092 163 1151 Laxat
177 1095 310 1151 claustra
326 1092 427 1150 Sinon.
470 1093 545 1151 Illos
560 1094 728 1167 patefactus
744 1095 782 1151 ad
799 1113 887 1153 auras

63 1173 179 1230 Reddit
193 1191 296 1248 equus,
312 1173 440 1248 laetique
457 1190 531 1229 cavo
547 1190 578 1229 se
593 1174 697 1230 robore
712 1182 854 1248 premunt
945 1178 1002 1234 260

63 1251 275 1310 Thessandrus
291 1252 511 1326 Sthenelusque
527 1253 618 1310 duces
632 1259 664 1309 et
678 1253 761 1309 dirus
777 1255 893 1325 Ulixes,

62 1332 237 1390 Demissum
253 1333 329 1406 lapsi
343 1349 396 1406 per
411 1332 523 1401 funem,
540 1334 738 1407 Acamasque,
756 1333 925 1410 Thoasque,

64 1411 243 1486 Pelidesque
259 1412 485 1486 Neoptolemus,
501 1411 674 1487 primusque
691 1412 851 1484 Machaon,

63 1489 102 1549 Et
116 1492 283 1560 Menelaus
300 1498 330 1548 et
344 1491 407 1565 ipse
423 1492 485 1548 doli
499 1492 662 1548 fabricator
677 1492 783 1567 Epeos

62 1571 218 1628 Invadunt
232 1572 336 1628 urbem
350 1588 456 1628 somno
473 1571 602 1646 vinoque
618 1571 785 1645 sepultam;
944 1574 1000 1630 265

64 1649 240 1708 Caeduntur
254 1651 371 1724 vigiles,
387 1651 542 1726 portisque
557 1651 731 1726 patentibus
746 1669 850 1708 ornnes

63 1730 227 1807 Accipiunt
240 1731 339 1788 socios
355 1735 445 1806 atque
461 1731 583 1805 agmina
597 1731 716 1787 conseia
725 1732 867 1804 jungunt.

62 1968 180 2044 Incipit,
196 1975 227 2026 et
242 1970 321 2026 dono
336 1968 437 2026 divirm
454 1969 630 2042 gratissima
645 1970 751 2043 serpit:

99 1889 234 1965 Tempus
248 1894 321 1960 erat,
337 1907 397 1965 qno
411 1873 509 1965 prima
524 1889 608 1964 quies
624 1889 802 1947 mortalibus
818 1892 917 1965 aegris
999 1907 1006 1919 ··

60 2047 97 2106 In
112 2049 236 2119 somnis
253 2067 329 2117 eece,
346 2055 415 2104 autc
431 2049 532 2105 oculos
548 2048 770 2104 maestissimus
787 2049 902 2107 Hector
943 2053 960 2108 2

61 2128 156 2186 Visus
172 2129 279 2186 adesse
294 2128 376 2196 mihi,
393 2128 554 2203 largosque
569 2128 718 2184 effundere
734 2127 829 2199 fietus,

61 2208 216 2284 Raptatus
232 2209 321 2282 bigis,
337 2213 371 2264 ut
386 2209 546 2282 quondam,
564 2214 686 2281 aterque
702 2214 824 2265 cruento

62 2288 199 2356 Pulvere,
216 2306 325 2362 perque
343 2288 435 2361 pedes
449 2289 591 2361 trajectus
606 2287 670 2345 lora
684 2293 844 2345 tumentes.

61 2367 122 2426 Hei
137 2367 221 2437 mihi,
237 2367 334 2442 qualis
349 2365 429 2424 eratl
451 2373 598 2441 qnantum
614 2373 750 2424 mutatus
766 2367 803 2423 ab
818 2367 870 2423 illo

61 2447 203 2516 Hectore,
219 2447 271 2522 qui
286 2447 364 2503 redit
378 2447 504 2503 exuvias
517 2447 642 2504 indutus
658 2446 780 2516 Achilli,
942 2448 998 2507 275

60 2526 118 2584 Vel
136 2526 276 2583 Danairm
293 2527 445 2600 Phrygios
456 2527 608 2600 jaculatus
623 2526 774 2600 puppibus
789 2523 894 2599 ignesl

60 2605 256 2682 Squalentem
271 2606 395 2662 barbam
410 2611 440 2662 et
454 2611 610 2663 concretos
625 2605 772 2679 sanguine
788 2605 893 2671 crines,

59 2685 255 2760 Vulneraque
270 2685 322 2741 illa
337 2703 453 2760 gerens,
470 2703 545 2760 qnae
561 2683 670 2741 circum
686 2684 816 2758 plurima
829 2701 932 2741 muros

59 2766 189 2840 Accepit
202 2765 326 2856 patrios.
370 2765 459 2822 Ultro
475 2764 571 2821 flens
562 2781 626 2839 ipse
642 2764 767 2820 videbar

61 2844 250 2920 Compellare
265 2845 364 2901 virum
380 2849 410 2902 t
425 2845 557 2900 maestas
553 2861 744 2936 expromere
760 2860 868 2900 voces.
941 2844 998 2902 280

60 2924 184 2983 “Olux
198 2924 380 2992 Dardaniae,
394 2942 408 2980 s
430 2941 462 2980 es
672 2923 680 2948 '
780 2941 850 2992 rurs

60 3004 87 3076 Q
110 3023 144 3061 ae
174 3022 212 3061 an
228 3021 263 3060 ac
278 3008 400 3059 tenuere
415 3001 537 3059 morae?
560 3002 669 3077 quihus
685 3001 801 3059 Hector
816 3000 854 3057 ab
869 3000 930 3058 oris

60 3083 124 3140 Exs
109 3091 194 3158 spect
182 3088 244 3141 tate
259 3079 368 3139 venis?
390 3088 425 3139 ut
438 3087 469 3138 te
483 3087 554 3154 post
568 3081 645 3138 mult
633 3088 664 3138 a
678 3086 799 3138 tuorum

61 3163 189 3232 Funera,
205 3166 276 3237 post
290 3161 354 3218 vari
357 3179 390 3218 os
405 3160 620 3235 hominumque
634 3160 776 3235 urbisque
791 3160 909 3219 labores

61 3241 181 3300 Defessi
196 3237 378 3315 aspicimus!
399 3257 476 3314 quae
492 3257 583 3296 eausa
597 3238 724 3312 indigna
739 3256 859 3296 serenos
942 3241 999 3299 285

61 3321 210 3380 Foedavit
224 3317 351 3378 vultus?
373 3327 426 3376 aut
440 3335 493 3375 eur
507 3317 579 3374 haee
594 3317 719 3374 vulnera
734 3316 871 3378 ceruoi”

60 3400 116 3460 Ille
127 3399 211 3467 nihil,
225 3414 284 3455 nec
292 3415 343 3455 me
355 3402 551 3472 quaerentem
567 3416 650 3460 vana
665 3408 817 3479 moratur,
873 3444 877 3451 κ
