2204 3676
205 211 208 216 '
319 217 477 267 vuuerur
501 216 640 266 Anxius
664 219 722 266 111.
948 207 989 268 53

46 366 194 442 Virgulta
208 374 239 428 et
253 367 355 425 densis
370 367 533 425 hastilibus
548 367 670 425 horrida
685 373 811 444 myrtus.

49 447 187 519 Accessi,
202 447 387 520 viridemque
403 447 439 503 ab
455 448 551 504 humo
561 447 727 504 convellere
742 448 851 508 silvam

49 526 198 598 (leuatus
213 527 306 585 ramis
320 533 454 599 tegerem
470 533 504 583 ut
518 527 726 584 frondentibus
742 547 819 600 aras,
953 532 990 588 25

51 607 247 664 Horrendum
262 612 293 662 et
308 606 390 662 dictu
405 606 493 663 video
508 606 643 663 mirabile
657 613 833 668 monstrum.

50 685 134 744 Nam
149 705 224 762 quae
238 686 336 762 prima
351 685 414 742 solo
429 686 524 760 ruptis
538 686 690 742 radicibus
705 688 793 745 arbos

52 766 194 836 Vellitur,
211 765 281 823 huic
296 771 362 821 atro
376 765 533 838 liquuntur
547 767 694 839 sanguine
710 773 823 841 guttae,

52 844 96 903 Et
109 852 220 903 terram
234 845 305 902 tabo
320 844 480 900 maculant.
524 843 602 900 Mihi
617 845 745 919 frigidus
759 848 864 905 horror

54 925 195 982 Membra
209 924 315 1000 quatit,
331 923 505 998 gelidusque
520 923 580 980 coit
595 924 752 982 formidine
767 927 902 1002 sanguis.
954 928 990 984 30

54 1005 177 1063 Rursus
192 1011 223 1061 et
237 1004 361 1060 alterius
375 1003 489 1059 lentum
505 1004 670 1060 convellere
687 1005 787 1062 vimen

54 1085 211 1160 Insequor,
227 1089 257 1140 et
271 1099 379 1140 causas
394 1083 514 1156 penitus
528 1089 644 1140 tentare
659 1084 788 1143 latentes
800 1106 807 1160 ;

55 1165 135 1222 Ater
148 1170 179 1221 et
193 1163 318 1220 alterius
333 1163 468 1236 sequitur
482 1162 518 1217 de
533 1163 640 1221 cortice
656 1166 787 1238 sanguis.

56 1244 158 1302 Multa
171 1259 296 1300 movens
312 1242 420 1311 animo,
436 1241 597 1316 Nymphas
612 1245 776 1301 venerabar
791 1249 928 1318 agrestes

57 1323 284 1398 Gradivumque
298 1327 424 1396 patrem,
441 1320 554 1378 Geticis
569 1323 619 1396 qui
634 1324 787 1396 praesidet
802 1324 892 1393 arvis,
956 1323 992 1380 35

57 1403 131 1461 Rite
146 1402 345 1460 secundarent
358 1400 443 1456 visus
458 1417 604 1475 omenque
620 1402 764 1462 levarent.

56 1482 160 1540 Tertia
174 1482 227 1538 sed
239 1486 400 1556 postquam
415 1481 527 1552 majore
542 1481 665 1539 hastilia
680 1484 748 1540 nisu

58 1561 233 1636 Aggredior
247 1560 433 1634 genibusque
448 1559 593 1616 adversae
610 1561 744 1620 obluctor
759 1580 875 1633 arenae,

58 1642 216 1718 (Eloquar,
233 1658 271 1696 au
285 1639 390 1696 sileam
401 1638 428 1714 l)
452 1639 584 1712 gemitus
598 1640 792 1699 lacrimabilis
806 1642 867 1697 imo

59 1721 193 1778 Auditur
207 1719 333 1789 tumulo,
348 1724 380 1774 et
395 1735 454 1774 vox
468 1718 586 1775 reddita
600 1719 693 1777 fertur
709 1722 746 1778 ad
762 1738 866 1778 aures:
956 1719 993 1776 40

59 1801 168 1873 “Quid
182 1800 331 1868 miserum,
347 1798 461 1867 Aenea,
477 1797 612 1855 laceras?
656 1801 676 1858 J
680 1819 728 1857 am
742 1819 830 1874 parce
846 1799 973 1875 sepult0,

59 1880 155 1938 Parce
169 1879 234 1954 pias
249 1878 393 1935 scelerare
408 1895 534 1935 manus:
557 1895 617 1936 non
631 1897 679 1936 me
693 1881 749 1937 tibi
765 1881 854 1953 Troja

59 1959 227 2018 Externum
241 1958 321 2028 tulit,
338 1963 391 2014 aut
405 1975 491 2013 cruor
505 1958 554 2015 hic
569 1959 605 2014 de
621 1960 723 2034 stipite
739 1965 851 2017 manat.

61 2039 133 2096 Heu
147 2039 218 2112 fuge
233 2038 368 2094 crudeles
382 2042 486 2105 terras,
504 2038 574 2112 fuge
590 2038 662 2095 litus
678 2057 819 2096 avarum:

60 2118 142 2176 Nam
159 2118 329 2192 Polydorus
343 2134 407 2191 ego.
451 2117 511 2174 Hic
526 2117 673 2175 confixum
688 2119 783 2176 ferrea
797 2119 872 2177 texit
957 2126 994 2183 45

61 2198 202 2256 'Pelorum
217 2215 305 2272 seges
319 2203 351 2254 et
359 2197 469 2270 jaculis
483 2198 611 2254 increvit
627 2200 751 2256 acutis’'

60 2277 139 2336 Tum
155 2295 226 2334 vero
242 2277 364 2352 ancipiti
379 2284 510 2334 mentem
526 2277 683 2335 formidine
698 2295 821 2354 pressus

62 2357 223 2431 Obstupui,
234 2361 442 2432 steteruntque
458 2374 559 2414 comae
574 2362 605 2413 et
619 2375 678 2414 vox
690 2359 828 2415 faucibus
839 2356 946 2413 haesit.

102 2515 949 2593 HuncPolydorumauriquondamcumponderemagne

61 2593 172 2652 Infelix
187 2595 327 2652 Priamus
342 2595 444 2651 furtim
458 2595 621 2653 mandarat
636 2598 777 2654 alendum
958 2601 996 2656 50

61 2673 200 2732 Threicio
216 2675 288 2748 rogi,
305 2693 397 2748 quum
407 2676 471 2747 jam
487 2675 633 2732 diffideret
648 2677 738 2734 armis

61 2752 242 2824 Dardaniae,
259 2754 397 2828 cingique
413 2754 516 2810 urbem
532 2755 685 2812 obsidione
701 2757 824 2813 videret.

60 2832 127 2904 Ille,
142 2840 176 2891 ut
191 2852 263 2909 opes
278 2834 391 2890 fractae
407 2833 563 2903 Teucrrim,
579 2840 609 2890 et
625 2835 762 2893 Fortuna
776 2835 910 2904 recessit,

61 2912 125 2971 Res
140 2913 402 2987 Agamemnonias
417 2912 610 2987 victriciaque
627 2933 712 2972 arma
727 2922 856 2984 secutus,

61 2991 123 3049 Fas
139 3010 226 3050 ornne
242 2993 401 3066 abrumpit,
418 2992 604 3065 Polydorum
620 2995 788 3063 obtruncat,
804 3001 834 3051 et
850 3011 923 3050 auro
960 2996 997 3052 55

60 3072 102 3128 Vi
116 3073 238 3146 potitur.
282 3072 361 3144 Quid
377 3089 435 3129 non
451 3072 590 3128 mortalia
603 3080 725 3147 pectora
740 3075 830 3148 cogis,

60 3153 137 3208 Auri
152 3169 238 3208 sacra
252 3149 363 3208 famosi
406 3152 573 3224 Postquam
587 3172 683 3226 pavor
698 3172 767 3210 ossa
781 3152 909 3228 reliquit,

61 3230 203 3288 Delectos
216 3231 319 3306 populi
335 3231 372 3288 ad
386 3247 524 3304 proceres
538 3231 727 3305 primumque
741 3239 897 3307 parentem

59 3309 200 3368 Monstra
214 3310 302 3367 detim
318 3310 420 3381 rosere,
437 3316 467 3366 et
481 3327 557 3382 quae
573 3311 612 3366 sit
627 3313 777 3368 sententia
789 3328 890 3388 posco.

60 3387 210 3448 Omnibus
223 3389 302 3444 idem
317 3389 444 3462 animus,
461 3389 612 3451 scelerata
627 3392 777 3454 excedere
792 3399 891 3468 terra,
975 3393 1018 3452 bb
