<?xml version="1.0" encoding="UTF-8"?>
<!DOCTYPE html PUBLIC "-//W3C//DTD XHTML 1.0 Transitional//EN"
    "http://www.w3.org/TR/xhtml1/DTD/xhtml1-transitional.dtd">
<html xmlns="http://www.w3.org/1999/xhtml" xml:lang="en" lang="en">
 <head>
  <title>
</title>
<meta http-equiv="Content-Type" content="text/html;charset=utf-8" />
  <meta name='ocr-system' content='tesseract 3.04.00' />
  <meta name='ocr-capabilities' content='ocr_page ocr_carea ocr_par ocr_line ocrx_word'/>
</head>
<body>
  <div class='ocr_page' id='page_1' title='image "./sixbooksneidvir00virggoog_0136.png"; bbox 0 0 2204 3676; ppageno 0'>
   <div class='ocr_carea' id='block_1_1' title="bbox 332 204 1015 270">
    <p class='ocr_par' dir='ltr' id='par_1_1' title="bbox 332 204 1015 270">
     <span class='ocr_line' id='line_1_1' title="bbox 332 204 1015 270; baseline 0.004 -3"><span class='ocrx_word' id='word_1_1' title='bbox 332 218 655 267; x_wconf 78' lang='grc'>1166111611616</span> <span class='ocrx_word' id='word_1_2' title='bbox 681 220 732 268; x_wconf 86' lang='lat' dir='ltr'>vr.</span> <span class='ocrx_word' id='word_1_3' title='bbox 952 204 1015 270; x_wconf 78' lang='lat'>127</span> 
     </span>
    </p>
   </div>
   <div class='ocr_carea' id='block_1_2' title="bbox 71 368 1017 1724">
    <p class='ocr_par' dir='ltr' id='par_1_2' title="bbox 71 368 1017 1724">
     <span class='ocr_line' id='line_1_2' title="bbox 111 368 956 446; baseline 0.002 -18"><span class='ocrx_word' id='word_1_4' title='bbox 111 368 187 428; x_wconf 90' lang='lat' dir='ltr'>Inde</span> <span class='ocrx_word' id='word_1_5' title='bbox 202 371 310 429; x_wconf 87' lang='lat' dir='ltr'>datum</span> <span class='ocrx_word' id='word_1_6' title='bbox 323 369 450 427; x_wconf 85' lang='lat' dir='ltr'>molitur</span> <span class='ocrx_word' id='word_1_7' title='bbox 463 369 528 428; x_wconf 90' lang='lat' dir='ltr'>iter.</span> <span class='ocrx_word' id='word_1_8' title='bbox 571 371 705 446; x_wconf 79' lang='lat' dir='ltr'>Jamque</span> <span class='ocrx_word' id='word_1_9' title='bbox 721 389 794 428; x_wconf 88' lang='lat' dir='ltr'>arva</span> <span class='ocrx_word' id='word_1_10' title='bbox 809 373 956 430; x_wconf 88' lang='lat' dir='ltr'>tenebant</span> 
     </span>
     <span class='ocr_line' id='line_1_3' title="bbox 72 447 825 526; baseline 0.005 -20"><span class='ocrx_word' id='word_1_11' title='bbox 72 447 198 521; x_wconf 87' lang='lat' dir='ltr'>Ultima,</span> <span class='ocrx_word' id='word_1_12' title='bbox 213 468 291 526; x_wconf 89' lang='lat' dir='ltr'>quae</span> <span class='ocrx_word' id='word_1_13' title='bbox 305 449 386 507; x_wconf 91' lang='lat' dir='ltr'>bello</span> <span class='ocrx_word' id='word_1_14' title='bbox 400 449 475 508; x_wconf 89' lang='lat' dir='ltr'>clari</span> <span class='ocrx_word' id='word_1_15' title='bbox 490 456 607 508; x_wconf 87' lang='lat' dir='ltr'>secreta</span> <span class='ocrx_word' id='word_1_16' title='bbox 622 452 825 526; x_wconf 78' lang='lat' dir='ltr'>frequentant.</span> 
     </span>
     <span class='ocr_line' id='line_1_4' title="bbox 73 528 803 604; baseline 0.003 -18"><span class='ocrx_word' id='word_1_17' title='bbox 73 528 133 586; x_wconf 91' lang='lat' dir='ltr'>Hic</span> <span class='ocrx_word' id='word_1_18' title='bbox 147 530 192 586; x_wconf 90' lang='grc'>1111</span> <span class='ocrx_word' id='word_1_19' title='bbox 206 530 334 587; x_wconf 87' lang='lat' dir='ltr'>occurrit</span> <span class='ocrx_word' id='word_1_20' title='bbox 349 529 481 604; x_wconf 80' lang='lat' dir='ltr'>Tydeus,</span> <span class='ocrx_word' id='word_1_21' title='bbox 498 529 547 588; x_wconf 89' lang='lat' dir='ltr'>hic</span> <span class='ocrx_word' id='word_1_22' title='bbox 561 531 694 588; x_wconf 90' lang='lat' dir='ltr'>inclutus</span> <span class='ocrx_word' id='word_1_23' title='bbox 710 532 803 588; x_wconf 90' lang='lat' dir='ltr'>armis</span> 
     </span>
     <span class='ocr_line' id='line_1_5' title="bbox 72 608 1017 686; baseline 0.005 -21"><span class='ocrx_word' id='word_1_24' title='bbox 72 608 331 683; x_wconf 75' lang='lat' dir='ltr'>Parthenopaeus,</span> <span class='ocrx_word' id='word_1_25' title='bbox 348 614 379 666; x_wconf 91' lang='lat' dir='ltr'>et</span> <span class='ocrx_word' id='word_1_26' title='bbox 395 609 523 667; x_wconf 82' lang='lat' dir='ltr'>Adrasti</span> <span class='ocrx_word' id='word_1_27' title='bbox 537 610 679 686; x_wconf 84' lang='lat' dir='ltr'>pellentis</span> <span class='ocrx_word' id='word_1_28' title='bbox 694 611 805 685; x_wconf 86' lang='lat' dir='ltr'>imago,</span> <span class='ocrx_word' id='word_1_29' title='bbox 958 611 1017 670; x_wconf 80' lang='lat'>480</span> 
     </span>
     <span class='ocr_line' id='line_1_6' title="bbox 73 688 826 765; baseline 0.003 -20"><span class='ocrx_word' id='word_1_30' title='bbox 73 688 134 746; x_wconf 90' lang='lat' dir='ltr'>Hic</span> <span class='ocrx_word' id='word_1_31' title='bbox 148 689 276 746; x_wconf 89' lang='lat' dir='ltr'>multum</span> <span class='ocrx_word' id='word_1_32' title='bbox 291 688 355 746; x_wconf 89' lang='lat' dir='ltr'>fleti</span> <span class='ocrx_word' id='word_1_33' title='bbox 370 690 409 747; x_wconf 90' lang='lat' dir='ltr'>ad</span> <span class='ocrx_word' id='word_1_34' title='bbox 425 707 551 765; x_wconf 89' lang='lat' dir='ltr'>superos</span> <span class='ocrx_word' id='word_1_35' title='bbox 567 691 704 765; x_wconf 86' lang='lat' dir='ltr'>belloque</span> <span class='ocrx_word' id='word_1_36' title='bbox 720 691 826 748; x_wconf 78' lang='lat' dir='ltr'>caduci</span> 
     </span>
     <span class='ocr_line' id='line_1_7' title="bbox 72 767 916 844; baseline 0.005 -19"><span class='ocrx_word' id='word_1_37' title='bbox 72 767 272 839; x_wconf 80' lang='lat' dir='ltr'>Dardanidae,</span> <span class='ocrx_word' id='word_1_38' title='bbox 288 786 364 843; x_wconf 91' lang='lat' dir='ltr'>quos</span> <span class='ocrx_word' id='word_1_39' title='bbox 379 768 430 826; x_wconf 86' lang='lat' dir='ltr'>ille</span> <span class='ocrx_word' id='word_1_40' title='bbox 446 788 550 827; x_wconf 89' lang='lat' dir='ltr'>omues</span> <span class='ocrx_word' id='word_1_41' title='bbox 564 771 656 844; x_wconf 85' lang='lat' dir='ltr'>longo</span> <span class='ocrx_word' id='word_1_42' title='bbox 671 771 776 827; x_wconf 88' lang='lat' dir='ltr'>ordine</span> <span class='ocrx_word' id='word_1_43' title='bbox 791 788 916 829; x_wconf 88' lang='lat' dir='ltr'>cerneus</span> 
     </span>
     <span class='ocr_line' id='line_1_8' title="bbox 72 846 994 928; baseline 0.003 -22"><span class='ocrx_word' id='word_1_44' title='bbox 72 846 236 922; x_wconf 84' lang='lat' dir='ltr'>Ingemuit,</span> <span class='ocrx_word' id='word_1_45' title='bbox 253 849 460 925; x_wconf 79' lang='lat' dir='ltr'>Glaucumque</span> <span class='ocrx_word' id='word_1_46' title='bbox 477 849 682 926; x_wconf 86' lang='lat' dir='ltr'>Medontaque</span> <span class='ocrx_word' id='word_1_47' title='bbox 698 850 994 928; x_wconf 87' lang='lat' dir='ltr'>Thersilochumque,</span> 
     </span>
     <span class='ocr_line' id='line_1_9' title="bbox 72 927 904 1005; baseline 0.005 -21"><span class='ocrx_word' id='word_1_48' title='bbox 72 927 148 985; x_wconf 79' lang='lat' dir='ltr'>Tres</span> <span class='ocrx_word' id='word_1_49' title='bbox 162 928 377 999; x_wconf 89' lang='lat' dir='ltr'>Antenoridas,</span> <span class='ocrx_word' id='word_1_50' title='bbox 395 929 555 1005; x_wconf 82' lang='lat' dir='ltr'>Cererique</span> <span class='ocrx_word' id='word_1_51' title='bbox 570 947 689 988; x_wconf 85' lang='lat' dir='ltr'>sacrum</span> <span class='ocrx_word' id='word_1_52' title='bbox 706 930 904 1005; x_wconf 87' lang='lat' dir='ltr'>Polyboeten,</span> 
     </span>
     <span class='ocr_line' id='line_1_10' title="bbox 71 1007 1011 1082; baseline 0.005 -16"><span class='ocrx_word' id='word_1_53' title='bbox 71 1007 266 1082; x_wconf 89' lang='lat' dir='ltr'>Idaeumque,</span> <span class='ocrx_word' id='word_1_54' title='bbox 282 1009 375 1066; x_wconf 90' lang='lat' dir='ltr'>etiam</span> <span class='ocrx_word' id='word_1_55' title='bbox 389 1026 504 1079; x_wconf 85' lang='lat' dir='ltr'>currus,</span> <span class='ocrx_word' id='word_1_56' title='bbox 520 1011 613 1068; x_wconf 89' lang='lat' dir='ltr'>etiarn</span> <span class='ocrx_word' id='word_1_57' title='bbox 628 1027 713 1067; x_wconf 89' lang='lat' dir='ltr'>arma</span> <span class='ocrx_word' id='word_1_58' title='bbox 728 1016 888 1068; x_wconf 88' lang='lat' dir='ltr'>tenentem.</span> <span class='ocrx_word' id='word_1_59' title='bbox 954 1011 1011 1071; x_wconf 80' lang='lat'>485</span> 
     </span>
     <span class='ocr_line' id='line_1_11' title="bbox 73 1085 892 1165; baseline 0.005 -20"><span class='ocrx_word' id='word_1_60' title='bbox 73 1085 280 1145; x_wconf 79' lang='lat' dir='ltr'>Circumstant</span> <span class='ocrx_word' id='word_1_61' title='bbox 293 1088 412 1146; x_wconf 90' lang='lat' dir='ltr'>animae</span> <span class='ocrx_word' id='word_1_62' title='bbox 427 1089 535 1147; x_wconf 81' lang='lat' dir='ltr'>dextre</span> <span class='ocrx_word' id='word_1_63' title='bbox 548 1091 696 1165; x_wconf 87' lang='lat' dir='ltr'>laevaque</span> <span class='ocrx_word' id='word_1_64' title='bbox 711 1088 892 1164; x_wconf 86' lang='lat' dir='ltr'>frequentes.</span> 
     </span>
     <span class='ocr_line' id='line_1_12' title="bbox 71 1165 896 1244; baseline 0.002 -20"><span class='ocrx_word' id='word_1_65' title='bbox 71 1165 137 1224; x_wconf 85' lang='lat' dir='ltr'>Nec</span> <span class='ocrx_word' id='word_1_66' title='bbox 152 1167 264 1225; x_wconf 90' lang='lat' dir='ltr'>vidisse</span> <span class='ocrx_word' id='word_1_67' title='bbox 279 1169 371 1226; x_wconf 88' lang='lat' dir='ltr'>semel</span> <span class='ocrx_word' id='word_1_68' title='bbox 387 1171 463 1226; x_wconf 91' lang='lat' dir='ltr'>satis</span> <span class='ocrx_word' id='word_1_69' title='bbox 477 1177 542 1243; x_wconf 81' lang='lat' dir='ltr'>est3</span> <span class='ocrx_word' id='word_1_70' title='bbox 560 1172 650 1243; x_wconf 73' lang='lat' dir='ltr'>Juvat</span> <span class='ocrx_word' id='word_1_71' title='bbox 664 1186 760 1244; x_wconf 88' lang='lat' dir='ltr'>usque</span> <span class='ocrx_word' id='word_1_72' title='bbox 775 1171 896 1241; x_wconf 88' lang='lat' dir='ltr'>morari,</span> 
     </span>
     <span class='ocr_line' id='line_1_13' title="bbox 71 1246 880 1322; baseline 0.005 -18"><span class='ocrx_word' id='word_1_73' title='bbox 71 1246 115 1304; x_wconf 84' lang='lat' dir='ltr'>Et</span> <span class='ocrx_word' id='word_1_74' title='bbox 129 1247 262 1304; x_wconf 89' lang='lat' dir='ltr'>conferre</span> <span class='ocrx_word' id='word_1_75' title='bbox 276 1249 415 1322; x_wconf 86' lang='lat' dir='ltr'>gradum,</span> <span class='ocrx_word' id='word_1_76' title='bbox 431 1255 463 1307; x_wconf 93' lang='lat' dir='ltr'>et</span> <span class='ocrx_word' id='word_1_77' title='bbox 477 1250 617 1307; x_wconf 82' lang='lat' dir='ltr'>veniendi</span> <span class='ocrx_word' id='word_1_78' title='bbox 632 1251 746 1307; x_wconf 88' lang='lat' dir='ltr'>discere</span> <span class='ocrx_word' id='word_1_79' title='bbox 761 1267 880 1308; x_wconf 86' lang='lat' dir='ltr'>causas.</span> 
     </span>
     <span class='ocr_line' id='line_1_14' title="bbox 71 1326 946 1405; baseline 0.002 -21"><span class='ocrx_word' id='word_1_80' title='bbox 71 1326 118 1384; x_wconf 89' lang='lat' dir='ltr'>At</span> <span class='ocrx_word' id='word_1_81' title='bbox 132 1326 273 1384; x_wconf 79' lang='lat' dir='ltr'>Danaum</span> <span class='ocrx_word' id='word_1_82' title='bbox 287 1344 426 1402; x_wconf 91' lang='lat' dir='ltr'>proceres</span> <span class='ocrx_word' id='word_1_83' title='bbox 441 1329 761 1405; x_wconf 79' lang='lat' dir='ltr'>Agamemnoniaeque</span> <span class='ocrx_word' id='word_1_84' title='bbox 776 1329 946 1405; x_wconf 85' lang='lat' dir='ltr'>phalanges</span> 
     </span>
     <span class='ocr_line' id='line_1_15' title="bbox 72 1405 1017 1485; baseline 0.004 -23"><span class='ocrx_word' id='word_1_85' title='bbox 72 1405 118 1463; x_wconf 88' lang='lat' dir='ltr'>Ut</span> <span class='ocrx_word' id='word_1_86' title='bbox 132 1406 234 1464; x_wconf 88' lang='lat' dir='ltr'>videre</span> <span class='ocrx_word' id='word_1_87' title='bbox 249 1407 348 1464; x_wconf 93' lang='lat' dir='ltr'>virum</span> <span class='ocrx_word' id='word_1_88' title='bbox 362 1408 568 1485; x_wconf 88' lang='lat' dir='ltr'>fulgentiaque</span> <span class='ocrx_word' id='word_1_89' title='bbox 585 1427 669 1466; x_wconf 90' lang='lat' dir='ltr'>erma</span> <span class='ocrx_word' id='word_1_90' title='bbox 684 1427 737 1484; x_wconf 90' lang='grc'>161</span> <span class='ocrx_word' id='word_1_91' title='bbox 751 1410 887 1480; x_wconf 89' lang='lat' dir='ltr'>umbras,</span> <span class='ocrx_word' id='word_1_92' title='bbox 959 1410 1017 1467; x_wconf 80' lang='lat'>490</span> 
     </span>
     <span class='ocr_line' id='line_1_16' title="bbox 72 1485 814 1564; baseline 0.003 -21"><span class='ocrx_word' id='word_1_93' title='bbox 72 1485 197 1560; x_wconf 88' lang='lat' dir='ltr'>Ingenti</span> <span class='ocrx_word' id='word_1_94' title='bbox 211 1487 360 1562; x_wconf 88' lang='lat' dir='ltr'>trepidare</span> <span class='ocrx_word' id='word_1_95' title='bbox 375 1493 475 1546; x_wconf 90' lang='lat' dir='ltr'>metu:</span> <span class='ocrx_word' id='word_1_96' title='bbox 497 1507 569 1564; x_wconf 90' lang='grc'>1616</span> <span class='ocrx_word' id='word_1_97' title='bbox 584 1495 701 1546; x_wconf 90' lang='grc'>1611616</span> <span class='ocrx_word' id='word_1_98' title='bbox 716 1495 814 1563; x_wconf 86' lang='lat' dir='ltr'>terga,</span> 
     </span>
     <span class='ocr_line' id='line_1_17' title="bbox 74 1565 883 1644; baseline 0 -20"><span class='ocrx_word' id='word_1_99' title='bbox 74 1565 139 1624; x_wconf 79' lang='lat' dir='ltr'>Ocu</span> <span class='ocrx_word' id='word_1_100' title='bbox 152 1567 304 1640; x_wconf 90' lang='lat' dir='ltr'>qnondam</span> <span class='ocrx_word' id='word_1_101' title='bbox 319 1568 431 1642; x_wconf 89' lang='lat' dir='ltr'>petiere</span> <span class='ocrx_word' id='word_1_102' title='bbox 446 1575 547 1642; x_wconf 81' lang='lat' dir='ltr'>rates3</span> <span class='ocrx_word' id='word_1_103' title='bbox 569 1586 640 1644; x_wconf 91' lang='lat' dir='ltr'>pars</span> <span class='ocrx_word' id='word_1_104' title='bbox 655 1569 759 1626; x_wconf 91' lang='lat' dir='ltr'>tollere</span> <span class='ocrx_word' id='word_1_105' title='bbox 776 1585 883 1625; x_wconf 88' lang='lat' dir='ltr'>vocem</span> 
     </span>
     <span class='ocr_line' id='line_1_18' title="bbox 72 1645 853 1724; baseline 0.003 -21"><span class='ocrx_word' id='word_1_106' title='bbox 72 1645 243 1720; x_wconf 81' lang='lat' dir='ltr'>Exiguam:</span> <span class='ocrx_word' id='word_1_107' title='bbox 266 1646 403 1724; x_wconf 88' lang='lat' dir='ltr'>inceptus</span> <span class='ocrx_word' id='word_1_108' title='bbox 418 1648 532 1706; x_wconf 89' lang='lat' dir='ltr'>clamor</span> <span class='ocrx_word' id='word_1_109' title='bbox 545 1649 709 1708; x_wconf 85' lang='lat' dir='ltr'>frustratur</span> <span class='ocrx_word' id='word_1_110' title='bbox 723 1648 853 1707; x_wconf 86' lang='lat' dir='ltr'>hiantes.</span> 
     </span>
    </p>
   </div>
   <div class='ocr_carea' id='block_1_3' title="bbox 65 1805 1031 3396">
    <p class='ocr_par' dir='ltr' id='par_1_3' title="bbox 67 1805 1020 2115">
     <span class='ocr_line' id='line_1_19' title="bbox 114 1805 847 1884; baseline 0.001 -20"><span class='ocrx_word' id='word_1_111' title='bbox 114 1807 216 1883; x_wconf 80' lang='lat' dir='ltr'>Atque</span> <span class='ocrx_word' id='word_1_112' title='bbox 231 1806 280 1864; x_wconf 89' lang='lat' dir='ltr'>hic</span> <span class='ocrx_word' id='word_1_113' title='bbox 296 1805 467 1865; x_wconf 88' lang='lat' dir='ltr'>Priamiden</span> <span class='ocrx_word' id='word_1_114' title='bbox 481 1808 629 1865; x_wconf 89' lang='lat' dir='ltr'>laniatum</span> <span class='ocrx_word' id='word_1_115' title='bbox 644 1812 847 1884; x_wconf 85' lang='lat' dir='ltr'>corporatoto</span> 
     </span>
     <span class='ocr_line' id='line_1_20' title="bbox 67 1885 1020 1962; baseline 0.001 -19"><span class='ocrx_word' id='word_1_116' title='bbox 67 1885 266 1962; x_wconf 66' lang='lat' dir='ltr'>‘Deiphobum</span> <span class='ocrx_word' id='word_1_117' title='bbox 282 1886 374 1956; x_wconf 87' lang='lat' dir='ltr'>videt,</span> <span class='ocrx_word' id='word_1_118' title='bbox 390 1887 522 1944; x_wconf 87' lang='lat' dir='ltr'>lacerum</span> <span class='ocrx_word' id='word_1_119' title='bbox 538 1888 697 1945; x_wconf 81' lang='lat' dir='ltr'>crudeliter</span> <span class='ocrx_word' id='word_1_120' title='bbox 711 1907 772 1959; x_wconf 89' lang='grc'>616,</span> <span class='ocrx_word' id='word_1_121' title='bbox 962 1887 1020 1945; x_wconf 82' lang='grc'>495</span> 
     </span>
     <span class='ocr_line' id='line_1_21' title="bbox 76 1964 930 2043; baseline 0 -20"><span class='ocrx_word' id='word_1_122' title='bbox 76 1964 139 2023; x_wconf 88' lang='grc'>016</span> <span class='ocrx_word' id='word_1_123' title='bbox 153 1983 318 2042; x_wconf 89' lang='lat' dir='ltr'>manusque</span> <span class='ocrx_word' id='word_1_124' title='bbox 333 1967 447 2036; x_wconf 86' lang='lat' dir='ltr'>ambas,</span> <span class='ocrx_word' id='word_1_125' title='bbox 462 1968 665 2042; x_wconf 87' lang='lat' dir='ltr'>populataque</span> <span class='ocrx_word' id='word_1_126' title='bbox 681 1974 819 2042; x_wconf 90' lang='lat' dir='ltr'>tempora</span> <span class='ocrx_word' id='word_1_127' title='bbox 833 1966 930 2043; x_wconf 88' lang='lat' dir='ltr'>raptis</span> 
     </span>
     <span class='ocr_line' id='line_1_22' title="bbox 76 2045 837 2115; baseline 0.003 -13"><span class='ocrx_word' id='word_1_128' title='bbox 76 2045 221 2115; x_wconf 85' lang='lat' dir='ltr'>Auribus,</span> <span class='ocrx_word' id='word_1_129' title='bbox 236 2051 268 2103; x_wconf 90' lang='lat' dir='ltr'>et</span> <span class='ocrx_word' id='word_1_130' title='bbox 282 2053 405 2103; x_wconf 88' lang='lat' dir='ltr'>truncas</span> <span class='ocrx_word' id='word_1_131' title='bbox 419 2047 583 2104; x_wconf 90' lang='lat' dir='ltr'>inhonesto</span> <span class='ocrx_word' id='word_1_132' title='bbox 597 2048 723 2104; x_wconf 82' lang='lat' dir='ltr'>vulnere</span> <span class='ocrx_word' id='word_1_133' title='bbox 739 2065 837 2105; x_wconf 89' lang='lat' dir='ltr'>nares.</span> 
     </span>
    </p>

    <p class='ocr_par' dir='ltr' id='par_1_4' title="bbox 76 2124 874 2282">
     <span class='ocr_line' id='line_1_23' title="bbox 76 2124 874 2203; baseline 0.004 -21"><span class='ocrx_word' id='word_1_134' title='bbox 76 2124 140 2183; x_wconf 87' lang='lat' dir='ltr'>Vix</span> <span class='ocrx_word' id='word_1_135' title='bbox 154 2126 230 2183; x_wconf 89' lang='lat' dir='ltr'>adeo</span> <span class='ocrx_word' id='word_1_136' title='bbox 244 2125 371 2200; x_wconf 89' lang='lat' dir='ltr'>agnovit</span> <span class='ocrx_word' id='word_1_137' title='bbox 387 2126 577 2200; x_wconf 89' lang='lat' dir='ltr'>pavitantem</span> <span class='ocrx_word' id='word_1_138' title='bbox 592 2132 623 2183; x_wconf 89' lang='lat' dir='ltr'>et</span> <span class='ocrx_word' id='word_1_139' title='bbox 638 2127 704 2184; x_wconf 88' lang='lat' dir='ltr'>dira</span> <span class='ocrx_word' id='word_1_140' title='bbox 719 2133 874 2203; x_wconf 81' lang='lat' dir='ltr'>tegentem</span> 
     </span>
     <span class='ocr_line' id='line_1_24' title="bbox 77 2203 810 2282; baseline 0.003 -20"><span class='ocrx_word' id='word_1_141' title='bbox 77 2203 240 2281; x_wconf 89' lang='lat' dir='ltr'>Supplicia,</span> <span class='ocrx_word' id='word_1_142' title='bbox 256 2210 287 2263; x_wconf 91' lang='lat' dir='ltr'>et</span> <span class='ocrx_word' id='word_1_143' title='bbox 301 2205 383 2263; x_wconf 91' lang='lat' dir='ltr'>notis</span> <span class='ocrx_word' id='word_1_144' title='bbox 397 2206 560 2282; x_wconf 89' lang='lat' dir='ltr'>compellat</span> <span class='ocrx_word' id='word_1_145' title='bbox 574 2207 698 2263; x_wconf 78' lang='lat' dir='ltr'>vocibus</span> <span class='ocrx_word' id='word_1_146' title='bbox 714 2208 810 2264; x_wconf 88' lang='lat' dir='ltr'>ultro:</span> 
     </span>
    </p>

    <p class='ocr_par' dir='ltr' id='par_1_5' title="bbox 76 2283 1031 2441">
     <span class='ocr_line' id='line_1_25' title="bbox 76 2283 1031 2361; baseline 0 -19"><span class='ocrx_word' id='word_1_147' title='bbox 76 2289 94 2316; x_wconf 82' lang='lat'>‘¹</span> <span class='ocrx_word' id='word_1_148' title='bbox 105 2285 263 2360; x_wconf 91' lang='lat' dir='ltr'>Deiphobe</span> <span class='ocrx_word' id='word_1_149' title='bbox 269 2285 464 2359; x_wconf 86' lang='lat' dir='ltr'>armipotens,</span> <span class='ocrx_word' id='word_1_150' title='bbox 473 2305 570 2361; x_wconf 87' lang='lat' dir='ltr'>genus</span> <span class='ocrx_word' id='word_1_151' title='bbox 581 2287 643 2343; x_wconf 89' lang='lat' dir='ltr'>alto</span> <span class='ocrx_word' id='word_1_152' title='bbox 654 2283 1031 2360; x_wconf 48' lang='grc' dir='ltr'>66611611161161611,100Ἰ</span> 
     </span>
     <span class='ocr_line' id='line_1_26' title="bbox 77 2363 804 2441; baseline 0.003 -21"><span class='ocrx_word' id='word_1_153' title='bbox 77 2365 233 2438; x_wconf 82' lang='lat' dir='ltr'>Quietem</span> <span class='ocrx_word' id='word_1_154' title='bbox 248 2365 384 2422; x_wconf 87' lang='lat' dir='ltr'>crudeles</span> <span class='ocrx_word' id='word_1_155' title='bbox 399 2366 519 2440; x_wconf 87' lang='lat' dir='ltr'>optavit</span> <span class='ocrx_word' id='word_1_156' title='bbox 534 2383 652 2422; x_wconf 89' lang='lat' dir='ltr'>sumere</span> <span class='ocrx_word' id='word_1_157' title='bbox 667 2363 804 2441; x_wconf 81' lang='lat' dir='ltr'>poenas?</span> 
     </span>
    </p>

    <p class='ocr_par' dir='ltr' id='par_1_6' title="bbox 78 2443 867 2518">
     <span class='ocr_line' id='line_1_27' title="bbox 78 2443 867 2518; baseline -0.004 -15"><span class='ocrx_word' id='word_1_158' title='bbox 78 2444 136 2503; x_wconf 83' lang='lat' dir='ltr'>Cui</span> <span class='ocrx_word' id='word_1_159' title='bbox 150 2449 272 2502; x_wconf 88' lang='lat' dir='ltr'>tautum</span> <span class='ocrx_word' id='word_1_160' title='bbox 287 2445 323 2501; x_wconf 91' lang='lat' dir='ltr'>de</span> <span class='ocrx_word' id='word_1_161' title='bbox 338 2451 368 2502; x_wconf 95' lang='lat' dir='ltr'>te</span> <span class='ocrx_word' id='word_1_162' title='bbox 382 2443 490 2502; x_wconf 87' lang='lat' dir='ltr'>licuit?</span> <span class='ocrx_word' id='word_1_163' title='bbox 533 2445 613 2503; x_wconf 91' lang='lat' dir='ltr'>Mihi</span> <span class='ocrx_word' id='word_1_164' title='bbox 628 2445 710 2502; x_wconf 83' lang='lat' dir='ltr'>fama</span> <span class='ocrx_word' id='word_1_165' title='bbox 724 2461 867 2518; x_wconf 87' lang='lat' dir='ltr'>suprema</span> 
     </span>
    </p>

    <p class='ocr_par' dir='ltr' id='par_1_7' title="bbox 74 2523 838 2679">
     <span class='ocr_line' id='line_1_28' title="bbox 74 2523 823 2598; baseline -0.003 -16"><span class='ocrx_word' id='word_1_166' title='bbox 74 2523 176 2588; x_wconf 65' lang='lat' dir='ltr'>⁴Nocte</span> <span class='ocrx_word' id='word_1_167' title='bbox 190 2523 262 2581; x_wconf 92' lang='lat' dir='ltr'>tulit</span> <span class='ocrx_word' id='word_1_168' title='bbox 276 2523 389 2581; x_wconf 88' lang='lat' dir='ltr'>fessum</span> <span class='ocrx_word' id='word_1_169' title='bbox 404 2529 537 2582; x_wconf 88' lang='grc'>1661616</span> <span class='ocrx_word' id='word_1_170' title='bbox 552 2525 645 2583; x_wconf 89' lang='lat' dir='ltr'>caede</span> <span class='ocrx_word' id='word_1_171' title='bbox 660 2525 823 2598; x_wconf 77' lang='lat' dir='ltr'>Pelasgum</span> 
     </span>
     <span class='ocr_line' id='line_1_29' title="bbox 80 2603 838 2679; baseline -0.003 -18"><span class='ocrx_word' id='word_1_172' title='bbox 80 2603 281 2663; x_wconf 89' lang='lat' dir='ltr'>Procubuisse</span> <span class='ocrx_word' id='word_1_173' title='bbox 296 2621 386 2679; x_wconf 85' lang='lat' dir='ltr'>super</span> <span class='ocrx_word' id='word_1_174' title='bbox 400 2605 543 2662; x_wconf 85' lang='lat' dir='ltr'>confusae</span> <span class='ocrx_word' id='word_1_175' title='bbox 557 2605 671 2679; x_wconf 86' lang='lat' dir='ltr'>stragis</span> <span class='ocrx_word' id='word_1_176' title='bbox 687 2621 838 2662; x_wconf 88' lang='lat' dir='ltr'>acervum.</span> 
     </span>
    </p>

    <p class='ocr_par' dir='ltr' id='par_1_8' title="bbox 80 2677 1021 2836">
     <span class='ocr_line' id='line_1_30' title="bbox 80 2677 1021 2758; baseline -0.001 -18"><span class='ocrx_word' id='word_1_177' title='bbox 80 2682 166 2741; x_wconf 82' lang='lat' dir='ltr'>Tunc</span> <span class='ocrx_word' id='word_1_178' title='bbox 180 2689 302 2758; x_wconf 87' lang='lat' dir='ltr'>egomet</span> <span class='ocrx_word' id='word_1_179' title='bbox 315 2684 465 2741; x_wconf 90' lang='lat' dir='ltr'>tumulum</span> <span class='ocrx_word' id='word_1_180' title='bbox 481 2684 620 2742; x_wconf 84' lang='lat' dir='ltr'>Rhoeteo</span> <span class='ocrx_word' id='word_1_181' title='bbox 634 2685 721 2742; x_wconf 92' lang='lat' dir='ltr'>litore</span> <span class='ocrx_word' id='word_1_182' title='bbox 736 2685 858 2740; x_wconf 89' lang='lat' dir='ltr'>inanem</span> <span class='ocrx_word' id='word_1_183' title='bbox 963 2677 1021 2739; x_wconf 83' lang='lat'>505</span> 
     </span>
     <span class='ocr_line' id='line_1_31' title="bbox 80 2762 821 2836; baseline -0.003 -14"><span class='ocrx_word' id='word_1_184' title='bbox 80 2762 246 2834; x_wconf 72' lang='lat' dir='ltr'>Constitui,</span> <span class='ocrx_word' id='word_1_185' title='bbox 261 2770 292 2821; x_wconf 91' lang='lat' dir='ltr'>et</span> <span class='ocrx_word' id='word_1_186' title='bbox 305 2781 417 2836; x_wconf 86' lang='lat' dir='ltr'>magna</span> <span class='ocrx_word' id='word_1_187' title='bbox 432 2765 541 2822; x_wconf 88' lang='lat' dir='ltr'>Manes</span> <span class='ocrx_word' id='word_1_188' title='bbox 554 2771 601 2822; x_wconf 91' lang='lat' dir='ltr'>ter</span> <span class='ocrx_word' id='word_1_189' title='bbox 615 2782 689 2821; x_wconf 89' lang='lat' dir='ltr'>voce</span> <span class='ocrx_word' id='word_1_190' title='bbox 704 2763 821 2820; x_wconf 83' lang='lat' dir='ltr'>vocavi.</span> 
     </span>
    </p>

    <p class='ocr_par' dir='ltr' id='par_1_9' title="bbox 65 2838 941 2999">
     <span class='ocr_line' id='line_1_32' title="bbox 79 2838 941 2918; baseline -0.006 -18"><span class='ocrx_word' id='word_1_191' title='bbox 79 2841 200 2900; x_wconf 86' lang='lat' dir='ltr'>Nomen</span> <span class='ocrx_word' id='word_1_192' title='bbox 214 2849 246 2900; x_wconf 90' lang='grc'>61</span> <span class='ocrx_word' id='word_1_193' title='bbox 261 2861 344 2901; x_wconf 89' lang='lat' dir='ltr'>arma</span> <span class='ocrx_word' id='word_1_194' title='bbox 358 2844 457 2901; x_wconf 91' lang='lat' dir='ltr'>locum</span> <span class='ocrx_word' id='word_1_195' title='bbox 473 2850 615 2918; x_wconf 77' lang='lat' dir='ltr'>serrant3</span> <span class='ocrx_word' id='word_1_196' title='bbox 636 2850 676 2915; x_wconf 90' lang='lat' dir='ltr'>te,</span> <span class='ocrx_word' id='word_1_197' title='bbox 693 2843 798 2911; x_wconf 92' lang='lat' dir='ltr'>amice,</span> <span class='ocrx_word' id='word_1_198' title='bbox 815 2838 941 2915; x_wconf 88' lang='lat' dir='ltr'>nequivi</span> 
     </span>
     <span class='ocr_line' id='line_1_33' title="bbox 65 2922 833 2999; baseline -0.005 -18"><span class='ocrx_word' id='word_1_199' title='bbox 65 2922 262 2998; x_wconf 83' lang='grc'>’0616116616</span> <span class='ocrx_word' id='word_1_200' title='bbox 277 2929 308 2980; x_wconf 91' lang='grc'>61</span> <span class='ocrx_word' id='word_1_201' title='bbox 321 2924 420 2998; x_wconf 87' lang='grc'>161116</span> <span class='ocrx_word' id='word_1_202' title='bbox 434 2924 582 2981; x_wconf 89' lang='lat' dir='ltr'>decedens</span> <span class='ocrx_word' id='word_1_203' title='bbox 596 2941 706 2999; x_wconf 89' lang='lat' dir='ltr'>ponere</span> <span class='ocrx_word' id='word_1_204' title='bbox 721 2922 833 2979; x_wconf 86' lang='lat' dir='ltr'>terra.’&#39;</span> 
     </span>
    </p>

    <p class='ocr_par' dir='ltr' id='par_1_10' title="bbox 79 2999 1020 3220">
     <span class='ocr_line' id='line_1_34' title="bbox 79 2999 943 3078; baseline -0.008 -17"><span class='ocrx_word' id='word_1_205' title='bbox 79 3003 130 3061; x_wconf 89' lang='lat' dir='ltr'>Ad</span> <span class='ocrx_word' id='word_1_206' title='bbox 145 3020 222 3078; x_wconf 89' lang='lat' dir='ltr'>quae</span> <span class='ocrx_word' id='word_1_207' title='bbox 238 3002 425 3060; x_wconf 87' lang='lat' dir='ltr'>Priamides:</span> <span class='ocrx_word' id='word_1_208' title='bbox 449 3008 465 3033; x_wconf 87' lang='lat'>‘⁴</span> <span class='ocrx_word' id='word_1_209' title='bbox 476 3004 560 3061; x_wconf 91' lang='lat' dir='ltr'>Nihil</span> <span class='ocrx_word' id='word_1_210' title='bbox 577 3004 663 3060; x_wconf 90' lang='lat' dir='ltr'>otibi</span> <span class='ocrx_word' id='word_1_211' title='bbox 679 3003 773 3059; x_wconf 89' lang='lat' dir='ltr'>amice</span> <span class='ocrx_word' id='word_1_212' title='bbox 788 2999 943 3071; x_wconf 86' lang='lat' dir='ltr'>relictum;</span> 
     </span>
     <span class='ocr_line' id='line_1_35' title="bbox 79 3078 1020 3158; baseline -0.005 -19"><span class='ocrx_word' id='word_1_213' title='bbox 79 3080 192 3139; x_wconf 90' lang='lat' dir='ltr'>Omnia</span> <span class='ocrx_word' id='word_1_214' title='bbox 207 3082 366 3158; x_wconf 91' lang='lat' dir='ltr'>Deiphobo</span> <span class='ocrx_word' id='word_1_215' title='bbox 382 3082 500 3139; x_wconf 88' lang='lat' dir='ltr'>solvisti</span> <span class='ocrx_word' id='word_1_216' title='bbox 515 3090 546 3140; x_wconf 92' lang='lat' dir='ltr'>et</span> <span class='ocrx_word' id='word_1_217' title='bbox 560 3083 673 3139; x_wconf 85' lang='lat' dir='ltr'>funeris</span> <span class='ocrx_word' id='word_1_218' title='bbox 688 3081 809 3138; x_wconf 77' lang='lat' dir='ltr'>umbris,</span> <span class='ocrx_word' id='word_1_219' title='bbox 964 3078 1020 3135; x_wconf 84' lang='lat'>510</span> 
     </span>
     <span class='ocr_line' id='line_1_36' title="bbox 79 3160 832 3220; baseline -0.003 -2"><span class='ocrx_word' id='word_1_220' title='bbox 79 3160 139 3218; x_wconf 86' lang='lat' dir='ltr'>Sed</span> <span class='ocrx_word' id='word_1_221' title='bbox 154 3179 202 3218; x_wconf 90' lang='lat' dir='ltr'>me</span> <span class='ocrx_word' id='word_1_222' title='bbox 217 3161 281 3219; x_wconf 84' lang='lat' dir='ltr'>iata</span> <span class='ocrx_word' id='word_1_223' title='bbox 295 3180 363 3219; x_wconf 91' lang='lat' dir='ltr'>mea</span> <span class='ocrx_word' id='word_1_224' title='bbox 377 3167 408 3218; x_wconf 92' lang='lat' dir='ltr'>et</span> <span class='ocrx_word' id='word_1_225' title='bbox 422 3162 520 3219; x_wconf 87' lang='lat' dir='ltr'>scelus</span> <span class='ocrx_word' id='word_1_226' title='bbox 535 3162 657 3220; x_wconf 77' lang='lat' dir='ltr'>exitiale</span> <span class='ocrx_word' id='word_1_227' title='bbox 675 3161 832 3218; x_wconf 83' lang='lat' dir='ltr'>Lacaenae</span> 
     </span>
    </p>

    <p class='ocr_par' dir='ltr' id='par_1_11' title="bbox 78 3236 930 3396">
     <span class='ocr_line' id='line_1_37' title="bbox 78 3236 930 3313; baseline -0.004 -17"><span class='ocrx_word' id='word_1_228' title='bbox 78 3239 139 3298; x_wconf 90' lang='lat' dir='ltr'>His</span> <span class='ocrx_word' id='word_1_229' title='bbox 152 3259 283 3300; x_wconf 87' lang='lat' dir='ltr'>mersere</span> <span class='ocrx_word' id='word_1_230' title='bbox 298 3241 404 3313; x_wconf 81' lang='lat' dir='ltr'>malis3</span> <span class='ocrx_word' id='word_1_231' title='bbox 426 3241 479 3297; x_wconf 90' lang='lat' dir='ltr'>ille</span> <span class='ocrx_word' id='word_1_232' title='bbox 495 3242 569 3298; x_wconf 93' lang='lat' dir='ltr'>haec</span> <span class='ocrx_word' id='word_1_233' title='bbox 584 3247 784 3302; x_wconf 89' lang='lat' dir='ltr'>monumenta</span> <span class='ocrx_word' id='word_1_234' title='bbox 798 3236 930 3312; x_wconf 88' lang='lat' dir='ltr'>reliquit.</span> 
     </span>
     <span class='ocr_line' id='line_1_38' title="bbox 79 3318 904 3396; baseline -0.004 -18"><span class='ocrx_word' id='word_1_235' title='bbox 79 3318 219 3396; x_wconf 86' lang='lat' dir='ltr'>Namque</span> <span class='ocrx_word' id='word_1_236' title='bbox 233 3326 269 3378; x_wconf 94' lang='lat' dir='ltr'>ut</span> <span class='ocrx_word' id='word_1_237' title='bbox 283 3337 456 3395; x_wconf 88' lang='lat' dir='ltr'>supremam</span> <span class='ocrx_word' id='word_1_238' title='bbox 472 3321 551 3377; x_wconf 86' lang='lat' dir='ltr'>falsa</span> <span class='ocrx_word' id='word_1_239' title='bbox 565 3320 643 3377; x_wconf 89' lang='lat' dir='ltr'>inter</span> <span class='ocrx_word' id='word_1_240' title='bbox 657 3321 771 3395; x_wconf 85' lang='lat' dir='ltr'>gandia</span> <span class='ocrx_word' id='word_1_241' title='bbox 785 3323 904 3376; x_wconf 88' lang='lat' dir='ltr'>noctem</span> 
     </span>
    </p>
   </div>
   <div class='ocr_carea' id='block_1_4' title="bbox 82 3397 983 3475">
    <p class='ocr_par' dir='ltr' id='par_1_12' title="bbox 82 3397 983 3475">
     <span class='ocr_line' id='line_1_39' title="bbox 82 3397 983 3475; baseline -0.019 -8"><span class='ocrx_word' id='word_1_242' title='bbox 82 3398 250 3474; x_wconf 67' lang='lat' dir='ltr'>Egerimua,</span> <span class='ocrx_word' id='word_1_243' title='bbox 265 3400 349 3457; x_wconf 78' lang='lat' dir='ltr'>nosti</span> <span class='ocrx_word' id='word_1_244' title='bbox 356 3419 367 3475; x_wconf 90' lang='lat'>,·</span> <span class='ocrx_word' id='word_1_245' title='bbox 388 3404 420 3460; x_wconf 88' lang='lat' dir='ltr'>et</span> <span class='ocrx_word' id='word_1_246' title='bbox 428 3399 567 3464; x_wconf 80' lang='lat' dir='ltr'>nimium</span> <span class='ocrx_word' id='word_1_247' title='bbox 580 3401 764 3465; x_wconf 87' lang='lat' dir='ltr'>meminisse</span> <span class='ocrx_word' id='word_1_248' title='bbox 776 3415 909 3466; x_wconf 84' lang='grc'>6666666</span> <span class='ocrx_word' id='word_1_249' title='bbox 919 3397 983 3454; x_wconf 62' lang='lat' dir='ltr'>aaa</span> 
     </span>
    </p>
   </div>
   <div class='ocr_carea' id='block_1_5' title="bbox 0 0 1112 3676">
    <p class='ocr_par' dir='ltr' id='par_1_13' title="bbox 0 0 1112 3676">
     <span class='ocr_line' id='line_1_40' title="bbox 0 0 1112 3676; baseline 0 0"><span class='ocrx_word' id='word_1_250' title='bbox 0 0 1112 3676; x_wconf 95' lang='lat' dir='ltr'> </span> 
     </span>
    </p>
   </div>
  </div>
 </body>
</html>
