2204 3676
358 170 517 241 ’5555555
542 193 681 240 essars
706 195 729 240 1.

81 341 156 403 Talis
169 351 238 405 erat
252 345 342 416 Dido,
359 345 450 402 talem
465 361 497 401 se
511 343 592 402 laeta
606 345 723 402 ferebat

77 423 130 482 Per
143 426 271 495 medios,
287 426 406 482 instans
420 424 501 500 operi
515 425 676 499 regnisque
691 425 809 482 futuris.

76 501 148 560 Tum
162 505 277 563 foribus
292 505 389 573 divae,
404 503 505 561 media
518 504 670 561 testudine
685 504 799 580 templi,
955 505 1014 564 505

77 582 167 658 Septa
182 583 284 653 armis,
300 583 435 658 solioque
451 582 511 640 alte
526 583 664 652 subnixa,
679 584 798 642 resedit.

74 661 147 719 lura
162 663 258 721 dabat
271 663 413 737 legesque
428 662 511 731 viris,
527 679 709 738 operumque
724 662 857 720 laborem

74 740 215 798 Partibus
230 741 379 816 aequabat
389 740 481 815 justis
496 746 548 797 aut
563 746 643 797 sorte
657 741 816 799 trahebat:

74 821 172 894 Quum
188 821 289 878 subito
304 821 427 877 Aeneas
441 837 589 877 concursu
604 821 745 878 accedere
759 838 872 895 magno

73 901 196 958 Anthea
210 899 443 974 Sergestumque
457 898 541 956 videt
555 899 721 975 fortemque
737 899 923 958 Cloanthum
954 901 1011 958 510

73 979 311 1055 Teucrorumque
327 979 411 1048 alios,
429 984 494 1036 ater
507 996 583 1053 quos
599 996 726 1054 aequore
741 980 831 1036 turbo

73 1057 248 1135 Dispulerat
262 1058 441 1134 penitusque
457 1058 533 1114 alias
548 1064 692 1116 avexerat
705 1075 782 1116 oras.

73 1137 238 1214 Obstupuit
252 1139 341 1195 simul
356 1139 429 1212 ipse,
446 1137 535 1195 simul
549 1155 711 1212 percussus
726 1138 863 1195 Achates

73 1216 262 1293 Laetitiaque
276 1223 435 1292 metuque:
457 1218 539 1274 avidi
555 1219 734 1292 conjungere
750 1219 873 1275 dextras

72 1298 245 1370 Ardebant;
267 1297 320 1354 sed
334 1313 383 1353 res
398 1296 515 1353 animos
530 1297 683 1371 incognito
697 1299 807 1355 turbat.
954 1298 1011 1356 515

72 1376 280 1446 Dissimulant,
296 1382 327 1433 et
340 1377 419 1433 nube
433 1394 509 1433 cava
524 1377 717 1450 speculantur
731 1377 841 1447 amicti,

73 1457 153 1529 Quae
169 1457 292 1513 fortuna
306 1456 389 1526 viris,
405 1456 607 1530 classemque
622 1456 709 1512 litore
724 1456 872 1529 linquant,

73 1536 149 1608 Quid
165 1535 307 1592 veniant:
329 1536 443 1592 cunctis
458 1553 530 1591 nam
544 1534 612 1591 lecti
628 1536 756 1592 navibus
770 1536 865 1604 ibant,

73 1614 202 1673 Orontes
217 1614 347 1685 veniam,
363 1620 395 1672 et
408 1615 554 1690 templum
569 1615 698 1672 clamore
714 1614 866 1690 petebant.

109 1774 277 1849 Postquam
291 1772 469 1848 introgressi
483 1780 515 1831 et
529 1791 629 1831 coram
644 1775 718 1832 data
733 1772 819 1848 copia
833 1772 926 1842 fandi,
953 1774 1011 1830 500

72 1851 224 1911 Maximus
238 1855 373 1912 Ilioneus
386 1853 505 1928 placido
521 1854 564 1910 sic
577 1859 696 1929 pectore
711 1854 827 1927 coepit:

73 1932 120 1992 “0
135 1933 250 2008 regina,
267 1951 377 1990 novam
392 1935 439 1991 cui
454 1934 581 1991 condere
597 1933 717 2008 Jupiter
731 1934 837 1989 urbem

73 2011 92 2069 J
93 2013 257 2088 ustitiaque
271 2014 354 2071 dedit
369 2019 476 2087 gentes
490 2014 607 2069 frenare
623 2012 776 2087 superbas,

73 2090 163 2150 Troes
177 2098 208 2151 55
223 2092 333 2162 miseri,
349 2092 449 2149 ventis
464 2093 559 2149 maria
574 2093 676 2148 omnia
692 2092 780 2162 vecti,

74 2169 219 2230 Oramus:
240 2171 366 2248 prohibe
381 2172 523 2229 infandos
537 2189 556 2228 5
569 2171 699 2228 navibus
713 2172 810 2246 ignes,
954 2170 1011 2228 505

74 2249 164 2309 Parce
180 2252 231 2326 pio
247 2251 357 2326 generi,
372 2257 404 2309 55
417 2251 539 2326 propius
554 2268 602 2307 res
617 2251 716 2325 aspice
731 2257 860 2308 nostras.

73 2328 139 2389 Non
153 2349 210 2388 nos
225 2337 277 2388 aut
292 2331 368 2388 ferro
384 2331 520 2405 Libycos
534 2331 678 2406 populare
694 2331 825 2387 Penates

73 2409 228 2481 Venimus,
245 2415 299 2468 555
312 2416 416 2485 raptas
431 2410 469 2466 ad
483 2409 573 2466 litora
586 2416 702 2467 vertere
718 2409 846 2484 praedas
858 2428 865 2482 ;

74 2487 141 2548 Non
156 2509 192 2548 ea
208 2491 255 2548 vis
271 2490 379 2559 anime,
395 2507 450 2546 nec
464 2495 552 2546 tanta
566 2489 706 2564 superbia
721 2488 818 2545 victis.

73 2568 128 2627 Est
142 2570 235 2640 locus,
253 2569 436 2644 Hesperiam
452 2569 539 2627 Graii
554 2569 731 2643 cognomine
747 2568 861 2637 dicunt,
953 2567 1012 2625 530

74 2647 164 2707 Terra
179 2649 314 2724 antiqua,
329 2654 437 2724 potens
453 2648 545 2704 armis
560 2654 650 2722 atque
666 2648 755 2704 ubere
771 2646 897 2720 glebae3

74 2727 196 2786 Oenotri
211 2729 329 2786 coluere
344 2728 420 2800 viri;
443 2745 522 2784 nunc
537 2727 627 2795 fama,
644 2727 774 2783 minores

72 2807 193 2866 Italiam
208 2808 321 2865 dixisse
335 2807 420 2864 ducis
435 2806 471 2863 de
486 2806 607 2862 nomine
623 2812 762 2881 gentem:

73 2886 130 2946 Hic
144 2905 250 2945 cursus
265 2886 328 2956 fuit,

73 2968 171 3040 Quum
186 2968 286 3024 subito
303 2982 465 3039 assurgens
480 2963 572 3022 fluctu
586 2965 742 3022 nimbosus
759 2963 853 3022 Orion
954 2966 1011 3024 535

72 3047 106 3103 In
122 3047 201 3103 vada
215 3063 305 3104 caeca
319 3045 398 3114 tulit,
415 3045 594 3119 penitusque
608 3044 786 3119 procacibus
802 3044 928 3100 Austris

20 3170 22 3177 ,
72 3127 187 3202 Perque
203 3126 310 3194 undae,
326 3129 486 3199 superante
501 3123 573 3194 salo,
589 3142 702 3199 perque
716 3123 800 3179 invia
815 3141 889 3180 saxa

73 3206 224 3283 Dispulit:
246 3205 304 3262 huc
317 3204 407 3278 pauci
421 3204 532 3260 vestris
548 3205 730 3260 annavimus
746 3202 814 3258 oris.

20 3316 27 3345 r
71 3285 159 3359 Quod
176 3301 274 3361 genus
292 3283 349 3341 hoc
368 3280 548 3341 hominum?
570 3299 685 3358 quaeve
707 3281 787 3338 hunc
803 3286 868 3338 tam
884 3281 1013 3340 barbara

187 3379 300 3422 morem
833 3393 836 3399 ·
