2204 3676
66 191 113 257 84
335 205 490 255 vascua
514 205 653 252 lauare
677 204 729 255 tv.

107 356 232 415 Talibus
247 356 360 425 orabat,
375 355 513 430 talesque
527 355 696 412 miserrima
710 354 799 414 fletus

66 434 198 511 Fertque
213 436 363 510 refertque
378 452 477 507 soror,
498 435 551 492 sed
566 435 658 492 nullis
671 435 722 492 ille
736 442 877 495 movetur

65 514 212 584 Fletibus
229 522 283 572 aut
298 532 388 571 voces
402 514 480 570 ullas
494 514 663 571 tractabilis
678 514 782 571 audit:

66 594 146 652 Fata
161 596 293 663 obstant,
309 594 501 669 placidasque
517 594 574 649 viri
588 594 663 650 deus
678 594 810 651 obstruit
823 611 922 653 aures.
947 596 999 655 lto

66 675 114 732 Ac
129 673 212 730 velut
227 691 341 729 annoso
356 672 488 728 validam
503 690 595 746 quum
610 673 714 729 robore
729 690 873 747 quercum

66 753 172 827 Alpini
187 752 302 809 Boreae
317 768 395 808 nuuc
411 750 480 807 hino
496 769 575 808 uuae
589 751 712 808 flatibus
725 752 808 810 illinc

65 831 177 889 Eruere
193 832 271 888 inter
285 849 317 888 se
333 836 469 903 certant3
490 831 514 886 it
530 831 648 901 stridor,
664 838 696 888 et
711 832 790 888 altae

67 911 273 969 Consteruunt
285 917 396 967 terram
411 927 557 967 concusso
573 911 675 985 stipite
691 910 836 985 frondee;

66 990 138 1065 Ipsa
153 990 255 1046 haeret
270 989 409 1064 scopulis,
425 994 464 1059 et,
481 996 627 1064 quantum
642 990 753 1047 vertice
768 992 807 1047 ad
822 1006 914 1047 auras
947 990 1000 1049 lit

66 1070 237 1139 Aetherias,
253 1074 372 1125 tautum
386 1069 486 1126 radice
501 1069 532 1125 in
548 1068 675 1125 Tartara
689 1070 803 1127 tendit:

66 1149 159 1206 Haud
174 1166 259 1206 secus
275 1148 404 1205 assiduis
419 1147 489 1205 binc
504 1155 594 1223 atque
609 1148 679 1205 hine
693 1149 818 1205 vocibus
833 1148 926 1207 beros

66 1228 223 1298 Tuuditur,
239 1235 270 1284 et
283 1246 394 1301 magno
409 1229 556 1303 persentit
568 1234 688 1302 pectore
703 1246 810 1301 curas;

65 1307 154 1366 Mens
169 1310 295 1365 immota
309 1313 420 1378 manet,
436 1307 576 1365 lacrimae
591 1307 755 1365 volvuntur
768 1308 884 1364 inanes,

105 1468 183 1525 Tum
198 1485 268 1523 vero
283 1466 387 1523 infelix
400 1466 471 1523 fatis
482 1466 628 1543 exterrita
636 1464 725 1543 Dido
947 1464 1000 1524 450

65 1547 197 1606 Mortem
212 1552 296 1618 orat,
317 1547 418 1603 taedet
433 1546 506 1602 caeli
521 1564 654 1603 convexa
667 1546 752 1605 tueri.

67 1629 134 1700 Quo
149 1627 247 1700 magis
262 1627 414 1700 inceptum
428 1631 556 1699 peragat
570 1626 726 1699 lucemque
741 1625 902 1701 relinquet,

66 1706 163 1775 Vidit,
178 1705 345 1763 turicremis
360 1723 451 1779 quum
467 1705 546 1761 dona
561 1705 726 1780 imponeret
742 1706 810 1775 aris,

66 1785 258 1843 Horrendum
274 1785 366 1853 dictu,
382 1785 487 1840 latices
500 1785 668 1858 nigrescere
684 1801 793 1853 saeros,

65 1863 205 1938 Fusaque
220 1865 252 1919 iu
266 1865 427 1920 obscenum
442 1881 474 1920 sc
490 1872 605 1922 vertere
620 1864 690 1920 vina
704 1880 847 1921 cruorem.
945 1862 998 1921 455

66 1942 134 2001 Hoc
149 1944 247 2000 visum
266 1943 350 2013 nulli,
365 1961 426 1999 nou
440 1943 499 2017 ipsi
514 1943 604 2000 effata
618 1947 720 2000 sorori.

66 2023 226 2080 Praeterea
240 2022 299 2079 fuit
313 2023 344 2078 in
358 2023 448 2079 tectis
462 2023 499 2079 de
514 2040 660 2080 marmore
675 2022 821 2097 templum

67 2102 211 2177 Conjugis
226 2102 349 2176 antiqui,
364 2102 440 2158 miro
455 2103 534 2176 quod
550 2103 660 2159 honore
675 2103 800 2171 colebat,

65 2182 237 2240 Velleribus
251 2182 350 2239 niveis
364 2187 395 2238 et
409 2181 488 2238 festa
502 2181 605 2238 fronde
621 2182 807 2240 revinctum:

65 2261 147 2320 Hinc
161 2261 295 2318 exaudiri
310 2279 398 2318 voces
413 2267 444 2317 et
458 2262 550 2317 verba
565 2261 702 2317 vocantis
944 2258 999 2320 460

65 2342 143 2399 Visa
157 2342 223 2412 viri,
239 2359 298 2398 nox
311 2358 403 2415 quum
417 2346 513 2397 terras
528 2341 653 2397 obscura
668 2345 792 2411 teneret,

66 2421 194 2498 Solaque
210 2421 390 2478 culminibus
405 2419 489 2476 ferali
503 2422 633 2477 carmine
648 2421 728 2477 bubo

67 2501 163 2577 Saepe
179 2501 262 2576 quari
277 2506 308 2557 et
321 2501 429 2574 longas
444 2499 474 2556 in
489 2499 592 2556 fletum
607 2500 712 2557 ducere
728 2516 826 2557 voces,

65 2582 223 2657 Multaque
238 2587 394 2655 praeterea
407 2585 511 2636 ratum
525 2580 679 2654 praedicta
692 2580 824 2655 priorum

64 2661 201 2718 Terribili
216 2661 332 2717 monitu
346 2659 524 2716 horrificant.
569 2658 645 2733 Agit
659 2660 722 2733 ipse
738 2660 887 2715 furentem
941 2656 996 2716 465

65 2740 102 2798 Iu
117 2740 230 2797 soumis
246 2740 325 2796 ferus
341 2740 479 2811 Aeneas3
502 2756 676 2813 semperque
691 2738 817 2812 relinqui

66 2820 136 2879 Sola
151 2820 216 2888 sibi,
233 2837 348 2893 semper
362 2819 484 2889 lobnam
498 2818 674 2875 incomitata
688 2819 807 2874 videtur

64 2900 112 2958 Ira
127 2901 218 2969 viam,
233 2905 264 2955 et
279 2898 388 2972 Tyrios
403 2899 523 2954 deserta
538 2915 677 2972 quaerere
692 2903 778 2954 terra.

65 2980 268 3037 Eumenidum
285 2977 376 3033 veluti
392 2977 515 3033 deluens
530 2978 614 3033 videt
629 2977 751 3050 agmina
767 2974 932 3043 Pentheus

64 3059 106 3116 Et
121 3060 213 3115 solem
225 3058 378 3132 geminum
390 3061 421 3112 et
432 3057 566 3129 duplices
576 3074 607 3112 se
618 3057 775 3112 ostendero
788 3054 910 3111 Thebas
921 3074 929 3127 ;
942 3054 999 3113 470

64 3138 130 3195 Aut
145 3137 406 3212 Agamemnonius
421 3136 538 3192 scaenis
554 3136 689 3208 agitatus
705 3135 837 3203 Orestes,

64 3217 225 3276 Armatam
240 3216 357 3273 lacibus
372 3220 497 3272 matrem
513 3220 544 3270 et
558 3214 747 3287 serpentibus
761 3213 835 3270 atris

66 3298 166 3369 Quum
181 3295 268 3368 fugit,
284 3295 464 3368 ultricesque
479 3294 584 3350 sedent
598 3293 630 3349 iu
644 3293 746 3350 limine
761 3293 862 3350 Dirae.
