2204 3676
346 211 506 265 vaserat
531 214 666 262 enanis
691 215 741 264 rr.
947 199 1012 264 115

71 362 134 422 Hic
148 365 277 423 erudelis
292 381 375 422 amor
388 365 475 436 tauri,
492 371 698 442 suppostaque
712 366 792 423 furto

73 442 230 519 Pasiphae.
246 445 433 519 mixtumque
449 463 545 519 genus
559 447 718 521 prolesque
733 446 880 515 biformis
971 447 1010 507 25

71 522 273 593 Minotaurus,
289 525 377 593 inest,
393 524 523 581 Veneris
537 532 733 583 monumenta
747 526 896 583 nefandae
908 546 916 601 3

73 601 134 660 Hic
149 602 233 660 labor
247 604 297 660 ille
311 604 429 673 domus,
445 609 475 660 et
489 604 706 662 inextricabilis
720 622 819 677 error3

72 681 222 757 Magnum
237 683 360 758 reginae
375 684 428 740 sed
443 683 522 740 onim
539 684 699 740 miseratus
714 701 847 740 amorem

72 762 226 820 Daedalus
250 763 315 837 ipse
329 762 416 820 dolos
430 764 503 820 teeti
519 763 723 838 ambagesque
737 764 870 834 resolvit,

73 841 171 900 Caeca
184 859 292 916 regens
306 841 355 899 filo
370 842 508 916 vestigia.
553 843 600 900 Tu
614 860 732 918 quoque
747 860 891 917 magnam
972 846 1011 902 30

73 921 195 980 Partem
210 938 298 997 opere
312 922 344 978 in
358 927 453 993 tanto,
470 922 581 979 sineret
595 922 688 991 dolor,
704 922 799 992 Icare,
816 923 958 980 haberes:

73 1000 127 1059 Bis
142 1008 267 1059 conatus
281 1007 347 1059 erat
361 1019 448 1058 casus
463 1001 602 1076 effingere
616 1002 648 1058 in
663 1019 754 1073 auro;

73 1080 127 1138 Bis
139 1081 260 1156 patriae
272 1081 402 1138 cecidere
416 1098 533 1138 manus.
578 1081 659 1154 Quin
673 1082 810 1157 protinus
825 1081 928 1138 omnia
985 1098 988 1103 ·

73 1161 268 1234 Perlegerent
283 1161 386 1230 oculis,
401 1161 433 1216 ui
450 1161 514 1234 jam
528 1162 714 1235 praemissus
729 1160 865 1217 Achates

73 1240 197 1309 Afferet‚
215 1245 303 1314 atque
317 1257 378 1297 una
392 1239 509 1297 Phoebi
525 1240 706 1314 Triviaeque
722 1240 871 1310 sacerdota,
974 1240 1013 1299 35

75 1318 231 1395 Deiphobe
247 1319 361 1389 Glauci,
377 1320 459 1376 fatur
473 1338 549 1394 quae
564 1320 639 1376 talia
654 1319 734 1393 regi:

74 1404 91 1430 “
101 1399 172 1456 Non
188 1398 244 1456 hoo
258 1399 318 1455 ista
331 1398 391 1456 sibi
405 1405 526 1474 tempus
541 1400 713 1475 spectacula
726 1400 840 1474 poseit3

74 1477 163 1536 Nunc
178 1496 270 1553 grege
285 1478 322 1535 de
336 1479 451 1536 intacto
467 1486 581 1554 septem
597 1485 729 1536 mactare
747 1482 893 1552 juvencos

75 1558 276 1626 Praestiterit
292 1557 420 1614 totidem
436 1558 530 1616 lectas
545 1559 581 1614 de
596 1576 678 1615 more
694 1558 862 1615 bidentes.’'

74 1638 200 1694 Talibus
215 1637 306 1694 affata
321 1637 448 1694 Aenean
465 1637 534 1712 (uec
549 1655 635 1695 saera
649 1644 806 1694 morantur
976 1639 1013 1695 40

74 1717 96 1775 J
97 1735 170 1774 ussa
183 1716 257 1789 viri)
274 1715 406 1774 Teucros
422 1723 511 1775 vocat
525 1718 587 1775 alta
600 1717 632 1774 in
646 1718 762 1793 templa
775 1717 921 1774 sacerdos.

110 1876 259 1934 Excisum
274 1876 429 1934 Euboicae·
442 1878 523 1934 latus
537 1877 647 1951 ingens
662 1877 746 1952 rupis
761 1877 792 1933 iu
807 1880 935 1946 antrum,

75 1957 143 2030 Quo
158 1957 213 2014 lati
228 1957 342 2014 ducunt
356 1957 458 2014 aditus
472 1962 601 2026 contum,
618 1957 698 2013 ostia
712 1961 850 2029 centum;

75 2036 164 2093 Unde
179 2043 272 2093 ruunt
285 2036 413 2094 totidem
429 2054 527 2106 voces,
543 2053 687 2111 responsa
702 2035 844 2110 Sibyllae.

75 2115 211 2173 Ventum
225 2121 289 2173 erat
304 2117 341 2174 ad
356 2116 456 2186 limen,
472 2134 564 2190 quum
581 2117 668 2189 virgo
684 2116 837 2172 “Poscere
851 2116 916 2172 fata
976 2116 1013 2175 45

76 2195 209 2271 Tempus
220 2197 237 2227 '²
252 2196 312 2253 ait:
336 2197 446 2266 “deus,
463 2214 539 2266 ecee,
555 2196 630 2252 deus
640 2195 646 2253 l
656 2197 672 2227 ”
715 2194 781 2265 Cui,
796 2194 872 2251 talia
886 2194 962 2251 fanti

76 2276 159 2334 Ante
174 2275 262 2346 fores,
278 2276 378 2333 subito
392 2293 453 2332 non
468 2276 580 2346 vultus,
597 2293 657 2331 non
672 2275 753 2331 color
765 2291 853 2344 unus,

76 2355 147 2412 Non
161 2361 299 2428 comptae
313 2372 451 2412 mansere
466 2372 585 2427 comae3
607 2355 659 2412 sed
674 2360 779 2429 pectus
795 2352 946 2422 anhelum,

77 2434 119 2492 Et
132 2435 215 2492 rabie
230 2435 292 2491 fera
306 2435 398 2492 corda
411 2440 547 2508 tument3
569 2429 720 2508 majorque
736 2432 841 2501 videri,

76 2514 141 2573 Nec
156 2515 283 2572 mortale
298 2531 418 2583 sonans,
435 2513 536 2571 afflata
549 2518 597 2570 est
612 2513 733 2570 numine
747 2512 869 2587 quando
977 2513 1014 2568 50

76 2594 98 2652 J
100 2612 148 2651 am
163 2595 301 2670 propiore
315 2594 372 2651 dei.
416 2593 557 2652 “Cessas
571 2593 603 2650 in
618 2599 690 2650 vota
704 2609 874 2667 precesque,

76 2673 154 2732 Tros
165 2676 182 2707 ’²
196 2675 240 2732 eit
254 2679 271 2703 “
280 2671 409 2731 Aenea?
429 2671 552 2730 cessas?
568 2672 759 2746 nequeenim
775 2678 843 2728 ante
858 2669 1016 2731 dehiscent

77 2753 238 2812 Attonitae
252 2769 430 2828 magnaura
443 2754 593 2824 domus;’'
614 2757 646 2808 et
661 2750 735 2808 talia
749 2753 813 2809 fata

77 2833 239 2892 Conticuit.
283 2833 409 2892 Gelidus
424 2832 546 2889 Teucris
559 2848 612 2906 per
626 2832 702 2888 dura
716 2829 848 2888 cucurrit

78 2912 159 2971 Ossa
173 2920 292 2983 tremor,
309 2913 466 2986 funditque
480 2929 585 2985 preces
599 2928 651 2968 rex
664 2917 784 2986 pectore
800 2909 838 2965 ab
852 2907 931 2964 imo:
978 2909 1015 2963 55

78 2998 95 3023 “
107 2992 236 3064 Phoebe,
252 3010 361 3066 graves
377 2991 483 3063 Trojae
499 3007 617 3064 semper
631 2990 771 3046 miserate
786 2988 915 3056 labores,

77 3071 224 3130 Dardana
238 3072 290 3147 qui
305 3071 424 3128 Paridis
439 3070 548 3126 direxti
562 3069 623 3126 tela
637 3086 805 3143 manusque

78 3151 198 3228 Corpus
211 3151 243 3208 in
258 3151 420 3219 Aeacidae,
436 3167 565 3222 magnas
580 3149 723 3205 obeuntia
736 3154 834 3205 terras

77 3230 138 3288 Tot
151 3231 247 3288 maria
260 3231 371 3286 intravi
387 3229 461 3285 duee
476 3234 514 3298 tc,
527 3228 706 3303 penitusque
721 3232 858 3301 repostas

76 3310 250 3387 Massylum
266 3315 381 3384 gentes,
396 3312 612 3382 praetentaque
629 3306 771 3381 Syrtibus
785 3323 878 3379 arvae
982 3305 1019 3362 60

77 3390 99 3448 J
101 3408 150 3448 am
165 3389 285 3448 tandem
299 3388 319 3445 Ι
320 3388 411 3446 taliae
426 3386 576 3466 fugientis
589 3387 775 3470 prendimus
789 3405 884 3449 arasa
