2204 3676
350 180 508 230 vnaorm
532 180 672 227 narsis
698 180 722 227 1.
966 167 1008 228 25

108 334 167 393 Η15
183 332 318 391 animum
333 331 441 390 arrecti
456 330 554 401 dictis,
570 336 601 389 et
615 330 702 388 fortis
717 329 855 388 Achates

74 411 109 472 llt
122 421 211 491 pater
225 413 348 471 Aeneas
359 411 540 486 jamdudum
555 428 712 485 erumpere
726 412 839 468 nubem
951 413 1008 470 580

73 493 236 552 Ardebant.
280 493 367 549 Prior
381 491 510 548 Aenean
525 491 685 566 compellat
700 491 852 550 Achates:

72 578 86 604 “
95 573 123 631 N
126 580 176 632 ate
191 574 255 642 dea,
271 588 442 647 quaenunt:
457 571 559 627 animo
574 571 724 627 sententia
738 568 860 645 surgit?

73 653 181 712 Omnia
195 658 263 709 5555
278 652 372 718 vides,
388 651 517 707 classem
533 651 689 725 sociosque
704 659 860 725 receptos;

72 732 157 790 Unus
173 733 268 801 abest,
283 730 383 787 medio
398 731 429 786 in
443 730 536 787 115555
550 748 640 805 quem
654 730 787 788 vidimus
801 730 860 806 ipsi

73 813 284 884 Submersum;
307 810 395 867 dictis
409 811 594 885 respondent
608 816 709 868 cetera
723 811 860 868 matris.’'

72 891 131 949 Vix
145 911 184 949 ea
198 891 279 948 fatus
294 896 366 959 erat,
382 907 475 964 quum
490 891 671 947 circumfusa
685 898 807 965 repente

73 971 191 1030 Scindit
204 989 236 1028 se
251 971 347 1027 nubes
362 970 439 1026 etin
454 970 577 1026 aethera
591 976 703 1045 purgat
719 976 867 1044 apertum.

72 1050 199 1109 Restitit
214 1050 345 1119 Aeneas,
362 1050 500 1124 claraque
517 1051 546 1107 in
560 1051 626 1107 1555
640 1050 765 1121 refulsit,

73 1129 112 1189 Os
127 1131 329 1204 humerosque
345 1131 401 1186 deo
417 1130 543 1201 similis;
565 1147 696 1205 namque
709 1131 777 1204 ipsa
792 1129 934 1186 decoram

73 1211 246 1270 Caesariem
261 1216 333 1266 nato
348 1209 485 1284 genetrix
499 1209 658 1285 lumenque
669 1212 813 1284 juventae
954 1208 1011 1263 590

74 1290 260 1366 Purpureum
275 1295 306 1346 et
320 1290 415 1346 laetos
431 1289 525 1346 555115
541 1289 654 1346 afflarat
669 1290 813 1347 honores:

74 1371 167 1443 Quale
183 1387 291 1426 manus
307 1370 423 1426 addunt
437 1369 520 1425 ebori
534 1369 633 1438 decus,
651 1376 703 1426 aut
718 1370 768 1426 ubi
783 1369 861 1426 flavo

74 1453 245 1524 Argentum
262 1450 408 1506 Pariusve
422 1449 500 1524 lapis
516 1449 718 1506 circumdatur
732 1467 811 1506 auro.

74 1529 148 1587 'lum
164 1529 209 1586 515
223 1529 360 1603 reginam
375 1529 546 1604 alloquitur,
562 1530 736 1603 cunctisque
751 1532 873 1603 repente

74 1609 263 1686 Improvisus
278 1609 337 1666 ait:
360 1613 377 1638 “
389 1608 507 1677 Coram,
524 1627 612 1682 quem
628 1609 779 1683 quaeritis,
796 1609 912 1676 adsum,
954 1603 1011 1661 595

61 1689 179 1765 >Troius
195 1687 325 1758 Aeneas,
343 1688 468 1763 Libyeis
482 1683 603 1762 ereptus
620 1689 656 1745 ab
671 1688 767 1744 undis.

75 1769 98 1827 0
113 1770 180 1826 sola
194 1768 336 1824 infandos
351 1768 458 1841 Trojae
473 1769 616 1824 miserata
630 1769 756 1838 labores,

75 1849 156 1922 Quae
173 1864 236 1918 555,
252 1848 394 1921 reliquias
409 1847 557 1917 Danarim,
573 1854 729 1923 terraeque
744 1848 898 1922 marisque

75 1927 221 1986 Omnibus
235 1927 392 1984 exhaustis
401 1929 465 2001 jam
480 1927 608 1998 casibus,
625 1929 757 1985 omniurn
773 1945 893 2001 egenos,

75 2007 164 2078 Urbe,
181 2008 280 2077 domo,
296 2007 411 2064 socias:
433 2013 536 2081 grates
550 2008 719 2082 persolvere
735 2008 844 2081 dignas
955 2004 1013 2060 600

76 2087 142 2146 Non
158 2086 225 2162 opis
239 2092 288 2144 555
301 2092 431 2156 nostrae,
448 2087 538 2157 Dido,
554 2105 609 2144 neo
623 2088 770 2162 quidquid
784 2087 895 2160 ubique
916 2089 963 2140 555

76 2167 182 2226 Gentis
198 2166 381 2235 Dardaniae,
398 2184 544 2241 magnum
565 2186 641 2242 quae
662 2184 769 2242 sparsa
782 2182 837 2240 per
852 2164 961 2221 orbem.

75 2247 113 2304 Di
126 2248 192 2317 tibi,
208 2246 234 2304 si
248 2264 308 2320 qua
321 2246 389 2320 pios
403 2253 575 2321 respectant
588 2248 720 2316 numina,
737 2247 762 2303 si
776 2244 848 2320 quid

75 2325 211 2403 Usquam
222 2327 342 2400 justitia
355 2332 403 2383 555
417 2332 448 2383 55
463 2344 548 2383 mens
563 2327 621 2384 sibi
636 2327 756 2384 conseia
770 2325 853 2394 reati,

75 2406 214 2464 Praemia
228 2406 322 2480 digna
336 2406 442 2463 ferant.
487 2407 573 2480 Quae
587 2412 617 2463 te
632 2412 695 2463 tam
710 2407 790 2463 laeta
805 2405 938 2460 tulerunt
957 2402 1013 2459 605

77 2483 223 2545 Saecula?
245 2486 296 2560 qui
310 2487 389 2543 tanti
405 2487 498 2543 talem
513 2504 641 2559 genuere
655 2482 818 2561 parentes?

75 2567 110 2624 In
124 2567 201 2623 freta
215 2566 288 2622 dum
303 2565 386 2623 fluvii
400 2573 528 2634 current,
545 2567 616 2622 dum
631 2565 784 2622 montibus
798 2563 921 2621 umbrae

75 2644 262 2713 Lustrabunt
276 2663 419 2715 convexa,
435 2646 524 2721 polus
538 2645 610 2702 dum
626 2646 725 2702 sidera
739 2650 852 2720 pascet,

76 2724 198 2800 Semper
213 2724 309 2782 honos
323 2743 492 2800 nomenque
506 2730 592 2781 tuum
608 2726 770 2800 laudesque
790 2723 963 2787 manebunt,

76 2805 604 2879 115555155551555555555555555.υ
648 2805 697 2862 Sic
709 2805 801 2875 15555,
811 2803 942 2860 amioum
958 2800 1015 2857 610

73 2883 189 2942 1115555
202 2885 280 2959 petit
295 2885 408 2951 dextra,
425 2886 570 2959 laevaque
588 2884 750 2953 Serestum,

74 2961 149 3021 Post
165 2964 250 3034 alios,
266 2963 434 3038 fortemque
450 2964 549 3040 Gyan,
565 2965 732 3038 fortemque
749 2961 943 3020 Cloanthum.

113 3121 285 3197 Obstupuit
297 3122 395 3196 primo
410 3128 534 3196 aspectu
549 3122 674 3180 Sidonia
690 3121 779 3191 Dido,

74 3201 157 3261 0555
171 3202 279 3259 deinde
294 3202 352 3257 viri
366 3206 462 3271 55555,
478 3208 508 3259 55
523 3202 567 3258 515
582 3221 630 3259 ore
645 3202 747 3258 locuta
762 3206 822 3258 est:

74 3286 90 3312 “
101 3281 180 3356 Quis
193 3287 233 3350 te,
248 3289 320 3337 nate
335 3281 400 3351 dea,
416 3298 469 3354 per
482 3287 569 3339 tanta
582 3280 715 3358 pericula
730 3298 818 3338 casus
958 3279 1015 3336 615

71 3357 270 3435 Insequitur?
290 3377 368 3434 quae
384 3360 429 3417 ris
444 3360 632 3424 immanibus
648 3363 789 3445 applicat
804 3358 888 3423 arisi
