2204 3676
84 174 126 238 36
365 187 523 239 vanem
547 186 688 236 annuis
712 187 754 240 11.

84 338 295 414 Ardentesque
311 339 413 396 oeulos
428 338 543 396 suffecti
559 339 708 413 sanguine
724 345 755 398 et
771 340 835 416 igni
973 343 1032 403 210

85 418 182 477 Sibila
197 419 371 476 lambebant
385 419 498 493 linguis
513 419 702 475 vibrantibus
718 438 778 477 ora.

83 499 270 573 Diffugimus
285 499 353 554 visu
367 516 546 572 exsangues.
589 498 639 554 Illi
655 500 775 572 agmine
792 505 873 558 certo

84 577 259 636 Laocoonta
273 584 389 652 petunt,
405 585 436 634 et
450 579 580 653 primum
595 596 691 652 parva
706 579 834 636 duorum

85 657 219 733 Corpora
233 664 372 714 natorum
388 674 509 732 serpens
525 659 680 732 amplexus
695 666 819 734 uterque

84 737 232 812 Implicat,
248 743 279 793 et
293 737 419 793 miseros
435 744 537 794 morsu
553 737 726 811 depascitur
741 748 842 812 artus3
970 742 1027 800 215

84 816 160 874 Post
174 817 274 890 ipsum
292 817 403 872 auxilio
419 817 597 872 subeuntem
614 835 647 873 ac
663 818 724 874 tela
738 818 882 876 ferentem

85 896 267 970 Corripiunt,
283 897 430 970 spirisque
446 896 544 970 ligant
559 896 741 970 ingentibus,
757 900 860 972 etjam

84 974 137 1032 Bis
153 976 283 1032 medium
299 976 437 1049 amplexi,
454 976 501 1032 bis
515 975 591 1033 eollo
607 994 749 1050 squamea
764 972 876 1034 circum

84 1055 183 1130 Terga
197 1056 269 1124 dati,
287 1061 430 1129 superant
445 1057 543 1129 capite
558 1062 589 1112 et
603 1057 768 1112 cervicibus
784 1057 862 1115 altis.

84 1135 140 1192 Ille
156 1135 246 1191 simul
260 1136 401 1191 manibus
416 1136 514 1191 tendit
529 1136 670 1191 divellere
687 1137 791 1206 nodos,
970 1139 1027 1195 220

85 1215 231 1272 Perfusus
247 1215 330 1271 sanie
345 1215 440 1271 vittas
456 1222 580 1290 atroque
597 1233 721 1285 venene,

85 1295 241 1353 Clamores
256 1295 345 1350 simul
361 1293 526 1351 horrendos
541 1296 579 1357 ad
595 1295 696 1352 sidera
710 1295 809 1354 tollit:

86 1376 197 1448 Quales
212 1374 355 1447 mugitus,
375 1374 455 1447 fugit
470 1373 561 1448 quum
577 1375 696 1432 saueius
713 1394 795 1432 aram
909 1445 912 1453 Ι

85 1454 203 1512 Taurus
218 1460 249 1510 ot
264 1454 408 1510 incertam
424 1454 557 1510 excussit
571 1455 684 1511 cervice
701 1456 835 1514 securim.

85 1535 130 1591 At
146 1534 258 1609 gemini
272 1533 359 1608 lapsu
373 1533 497 1589 delubra
512 1534 551 1590 ad
566 1551 684 1591 summa
699 1536 843 1592 dracones
968 1536 1024 1594 225

85 1613 250 1689 Effugient,
268 1631 436 1688 saevaeque
451 1620 558 1688 petunt
573 1614 741 1671 Tritonidis
757 1633 864 1685 arcem,

86 1693 147 1751 Sub
161 1695 347 1768 pedibusque
363 1693 437 1749 deae
453 1694 600 1768 clipeique
617 1695 672 1750 sub
689 1695 758 1751 orbe
773 1700 925 1768 teguntur.
976 1694 985 1714 '

85 1773 163 1830 Tum
178 1792 249 1830 vero
264 1774 439 1830 tremefacta
455 1791 551 1829 novus
565 1791 619 1848 per
634 1779 756 1848 pectora
771 1775 886 1832 cunctis

85 1851 226 1909 Insinuat
240 1870 352 1927 pavor3
374 1858 405 1909 et
421 1853 519 1909 scelus
535 1854 711 1927 expendisse
727 1859 891 1910 merentem

85 1931 261 1990 Laocoonta
277 1932 383 2001 lerunt,
401 1950 520 1989 sacrum
535 1933 586 2006 qui
601 1934 723 2008 cuspide
739 1934 828 1989 robur
968 1936 1022 1993 230

85 2012 224 2069 Laeserit
238 2018 269 2068 et
283 2018 369 2085 tergo
385 2013 561 2068 sceleratam
576 2013 729 2069 intorserit
744 2012 872 2069 hastam.

85 2092 264 2148 Ducendum
281 2092 319 2148 ad
335 2093 422 2148 sedes
438 2092 640 2164 simulacrum,
657 2092 828 2168 orandaque
844 2092 934 2150 divae

84 2170 218 2228 Numina
233 2172 429 2229 conclamant.

85 2251 260 2308 Dividimus
274 2268 375 2308 muros
390 2259 421 2310 et
435 2252 555 2308 moenia
568 2251 729 2325 pandimus
744 2251 833 2309 urbis.

86 2331 259 2405 Accingunt
274 2349 377 2389 omnes
393 2332 483 2407 operi,
499 2332 687 2406 pedibusque
702 2338 835 2388 rotarum
967 2331 1023 2391 235

87 2410 255 2485 Subjieiunt
270 2411 383 2485 lapsus,
397 2417 428 2468 et
443 2418 571 2487 stuppea
587 2412 706 2469 vincula
720 2412 796 2469 eollo

85 2490 261 2549 Intendunt.
306 2491 432 2549 Scandit
447 2492 548 2548 fatalis
564 2493 703 2549 machina
717 2510 827 2562 murce,

86 2571 162 2628 Feta
177 2571 277 2628 armis
321 2572 412 2628 Pueri
427 2571 537 2628 circum
552 2572 753 2646 innuptaeque
768 2571 885 2646 puellae

87 2650 179 2709 Sacra
194 2657 313 2720 canunt,
326 2652 488 2725 ‘funemque
501 2669 592 2707 rnanu
606 2653 778 2725 contingere
794 2652 935 2725 gaudent.

85 2731 144 2788 Illa
158 2731 247 2800 subit,
265 2731 438 2806 mediaeque
454 2731 573 2787 minans
588 2731 722 2788 illabitur
737 2731 810 2787 urbi.
967 2732 1022 2789 240

87 2810 112 2868 Ο
130 2811 235 2886 patria,
252 2828 269 2866 o
286 2810 388 2867 diviua
403 2811 511 2867 <lomus
527 2811 627 2880 Ilium,
644 2818 674 2868 et
689 2811 802 2867 incluta
817 2810 895 2866 bello

85 2891 210 2947 Moenia
225 2888 451 2947 Dardanidum!
473 2896 579 2964 quater
593 2891 660 2964 ipso
676 2891 704 2946 in
720 2891 822 2946 limine
836 2895 941 2965 portae

88 2969 239 3039 Substitit,
257 2977 346 3045 atque
362 2979 446 3026 utero
463 2970 593 3026 sonitum
609 2976 715 3045 quator
730 2987 812 3026 arma
828 2969 954 3040 dedere;

23 3099 25 3103 ,
86 3051 241 3107 Instemus
256 3057 359 3124 tamen
374 3049 562 3115 immemores
579 3051 715 3124 caecique
732 3050 838 3120 furore,

86 3130 127 3186 Et
141 3135 309 3186 monstrum
325 3128 428 3185 infelix
442 3135 560 3185 sacrata
575 3130 713 3186 sistimus
728 3147 801 3186 aree.
966 3127 1022 3186 245

86 3210 170 3266 Tunc
185 3209 277 3265 etiam
292 3209 363 3265 fatis
379 3209 474 3283 aperit
491 3207 664 3265 Cassandra
678 3209 787 3266 futuris

87 3289 156 3359 Ora,
174 3290 221 3345 dei
232 3291 320 3362 jussu
335 3306 395 3344 non
409 3305 552 3362 umquam
567 3289 680 3344 credita
695 3288 826 3346 Teucris.

73 3368 145 3424 Nos
159 3369 287 3425 delubra
302 3367 391 3426 deum
408 3368 518 3438 miseri,
533 3367 641 3443 quibus
656 3369 780 3425 ult-imus
794 3371 875 3425 esset

56 3444 120 3500 Ille
135 3447 212 3517 dles,
230 3449 316 3507 festa
335 3449 478 3508 velamus
494 3447 602 3506 fronde
615 3464 670 3522 per
683 3447 798 3503 urbem.
915 3450 919 3461 ¹
