2204 3676
342 213 663 269 0000101100010
687 216 748 267 111.
970 206 1013 270 03

71 377 116 434 Et
129 375 238 450 positis
253 374 314 431 oris
330 374 395 447 jam
409 369 528 429 rotulo
541 369 629 429 litore
643 370 753 441 solves,

72 456 231 529 Purpureo
247 454 347 510 velare
362 468 464 508 comas
480 450 644 526 adopertus
659 450 781 521 amictu,
954 452 1011 512 405

71 533 121 592 Ne
136 552 196 609 qua
209 533 289 589 inter
302 535 424 588 sanctos
439 531 526 604 ignes
541 528 700 587 inhonoro
716 530 840 588 deorum

74 613 207 672 Hostilis
221 613 312 668 facies
327 616 463 668 occurrat
477 616 508 666 ot
521 610 624 667 omina
638 609 747 667 turbet.

74 693 169 751 Hune
183 692 256 750 socii
270 707 384 747 moram
400 706 561 759 sacrorum,
577 689 657 746 hunc
672 689 737 761 ipso
752 696 864 761 teneto,

74 773 144 830 Hac
159 771 234 843 casti
248 774 392 827 maneant
405 769 435 825 in
449 769 593 842 religione
609 774 742 842 nepotes

74 852 136 910 Ast
151 851 202 908 uhi
217 850 388 924 digressum
404 847 520 905 Siculae
535 854 565 905 tc
581 849 750 906 admoverit
764 867 832 906 orae
954 853 1011 908 410

75 932 205 1001 Ventus,
220 935 251 986 et
266 929 389 1001 angusti
403 933 555 984 rarescent
569 928 700 985 claustra
714 930 821 999 Pelori,

75 1010 179 1068 Laeva
193 1009 248 1067 tibi
263 1007 352 1065 tellus
367 1012 397 1063 ct
411 1007 501 1081 longo
516 1007 603 1064 lucra
616 1014 758 1082 petantur

75 1091 218 1166 Aequora
232 1088 366 1156 circuitu,
380 1088 517 1143 dextrum
531 1087 602 1161 fuge
617 1087 688 1147 litus
702 1097 733 1148 et
747 1090 851 1148 undas.

77 1171 162 1228 Haec
175 1170 240 1226 loca
251 1167 282 1223 vi
297 1168 449 1241 quondam
464 1170 495 1224 et
505 1175 594 1223 vasta
607 1173 752 1228 convulsa
766 1172 854 1226 ruina

77 1250 224 1323 (Tantum
240 1247 309 1304 aevi
322 1246 487 1321 longinqua
501 1248 583 1303 ralct
597 1256 713 1307 mutare
730 1252 881 1325 vetustas)
955 1249 1012 1305 415

77 1329 253 1388 Dissiluisse
268 1328 375 1396 ferunt,
392 1343 485 1400 quum
498 1326 636 1400 protinus
650 1336 776 1405 utraque
790 1331 880 1387 tellus

77 1409 149 1466 Una
163 1409 258 1480 foret3
280 1407 365 1461 venit
380 1406 478 1462 medio
493 1407 524 1462 vi
538 1413 658 1480 pontus,
674 1416 705 1466 ct
718 1410 809 1466 undis

78 1488 259 1564 Hesperium
277 1486 378 1543 Siculo
393 1486 475 1542 latus
491 1486 627 1555 abscidit,
644 1506 775 1564 arvaque
789 1495 820 1545 et
834 1487 925 1545 urbes

78 1567 180 1625 Litore
196 1568 335 1624 diductas
351 1572 481 1639 angusto
496 1566 630 1622 interluit
645 1575 739 1626 aestu.

78 1647 227 1705 Dextrum
240 1645 344 1720 Scylla
354 1645 442 1714 latua,
455 1646 575 1701 laevum
588 1647 750 1721 implacata
762 1646 937 1722 Charybdis
957 1649 1013 1703 420

78 1726 213 1795 Obsidet,
231 1731 319 1800 atquc
335 1725 396 1780 imo
411 1725 544 1781 barathri
560 1732 606 1782 ter
620 1729 738 1802 gurgite
753 1735 859 1784 vastos

78 1806 186 1866 Sorbet
200 1806 230 1862 in
245 1806 407 1878 abruptum
423 1804 539 1875 fluctus,
555 1823 716 1881 rursusque
731 1809 787 1864 sub
804 1823 894 1864 auras

77 1887 179 1961 Erigit
193 1886 325 1942 alternos
339 1889 370 1940 et
384 1885 484 1941 sidera
498 1886 636 1942 verberat
650 1888 738 1945 unda.

79 1966 123 2024 At
138 1966 271 2041 Scyllam
285 1964 380 2020 caecis
394 1965 514 2021 cohibet
528 1965 671 2039 spelunea
684 1967 816 2038 latebris,

79 2045 141 2102 Ora
155 2048 356 2102 exsertantem
371 2049 401 2100 et
416 2062 510 2101 naves
525 2046 555 2101 in
571 2062 644 2101 saxa
658 2047 845 2104 trahentem:
957 2047 1014 2104 425

79 2125 184 2182 Prima
198 2123 330 2182 hominis
345 2123 437 2180 facies
451 2129 483 2180 et
495 2125 620 2198 pulchro
634 2132 752 2199 pectore
768 2127 855 2200 virgo

79 2204 164 2261 Pube
178 2210 285 2276 tenus;
305 2208 458 2277 postrema
471 2204 597 2260 immani
612 2222 733 2279 corpore
747 2207 864 2280 pistrix,

79 2283 262 2358 Delphinum
278 2282 389 2339 caudas
404 2289 489 2339 utero
505 2284 667 2340 commissa
680 2286 827 2360 luporum.

78 2363 221 2421 Praestat
236 2361 379 2419 Trinacrii
396 2367 493 2419 metas
508 2363 636 2420 lustrare
652 2365 790 2439 Pachyni

79 2443 265 2510 cessantem,
282 2441 390 2513 longos
404 2447 436 2498 et
450 2441 679 2500 circumflectere
694 2461 807 2513 cursus
957 2445 1016 2502 430

79 2523 178 2596 Quam
193 2521 284 2578 semel
298 2520 453 2577 informem
468 2528 556 2579 vasto
571 2523 683 2580 vidisse
698 2525 754 2580 sub
770 2529 856 2580 antro

80 2601 214 2676 Scyllam
228 2607 259 2657 et
273 2600 418 2657 caeruleis
433 2603 558 2658 canibus
572 2604 746 2660 resonantia
761 2620 843 2661 saxa.

79 2681 249 2755 Praeterea,
266 2681 293 2736 si
307 2698 368 2754 qua
382 2686 430 2737 est
446 2681 563 2738 Heleno
577 2683 747 2756 prudentia,
764 2683 829 2740 vati

79 2759 112 2819 Si
127 2779 185 2836 qua
199 2761 281 2830 fides,
299 2760 433 2816 animum
449 2762 474 2817 si
489 2762 570 2818 veris
584 2763 690 2836 implet
705 2763 826 2836 Apollo,

77 2840 182 2898 Unum
196 2841 271 2896 illud
286 2839 349 2909 tibi,
366 2847 437 2897 nate
452 2842 516 2910 dea,
532 2858 643 2915 proque
659 2844 799 2899 omnibus
814 2858 909 2898 unum
959 2842 1015 2899 435

78 2920 261 2990 Praedicam,
277 2925 308 2976 et
322 2927 458 2992 repetens
473 2921 640 2994 iterumque
655 2922 821 2996 iterumque
836 2920 981 2978 monebo:

77 3000 99 3056 J
103 3000 210 3056 unonis
224 3016 354 3072 magnae
368 3000 498 3073 primum
512 3017 598 3074 prece
613 3019 724 3057 numen
740 3001 848 3071 adora;

77 3078 99 3136 J
102 3079 191 3135 unoui
206 3096 279 3136 cane
295 3083 367 3133 vota
381 3078 486 3148 libens,
501 3079 713 3154 dominamque
726 3086 881 3155 potentem

79 3158 274 3232 Supplicibus
289 3174 397 3230 supera
411 3158 514 3214 donis:
537 3159 580 3215 sic
594 3160 722 3233 (lenique
737 3160 834 3215 victor

78 3237 233 3294 Trinacria
247 3237 319 3292 fines
334 3235 431 3292 Italos
446 3237 564 3294 mittere
578 3238 690 3314 relicta.
956 3238 1014 3294 440

79 3316 148 3373 Huc
162 3316 213 3373 ubi
228 3316 346 3372 delatus
362 3316 526 3373 Cumaeam
541 3317 705 3374 accesseris
718 3318 824 3375 urbem

77 3394 265 3468 Divinosqne
276 3394 361 3451 laone
375 3395 548 3461 othverus
563 3398 710 3463 sonantia
723 3399 830 3477 siluis,
884 3421 886 3425 ·
