2204 3676
98 212 140 275 86
365 158 524 208 venem
549 157 687 205 annius
712 157 765 205 iv.
1014 208 1037 241 .

161 329 208 386 ι10
223 317 390 386 quaterque
404 325 495 364 manu
510 311 616 382 pectus
630 323 773 381 percussa
788 306 940 377 decorum,

93 377 317 463 illaventesque
333 388 466 445 abscissa
482 403 592 455 comas
610 385 697 442 “Pro
713 386 842 460 Jupiter,
859 385 916 443 ibit
972 387 1029 445 600

92 470 181 537 Η10,”
197 471 248 537 011,
265 474 319 524 “et
335 468 446 523 nostris
461 465 588 522 illuserit
603 465 720 521 advena
734 463 859 538 regnis?

90 548 119 604 N
122 566 160 604 on
176 566 259 603 arma
273 547 440 621 expedient,
457 551 580 618 totaque
595 562 632 600 ex
647 544 719 600 urbe
735 550 906 618 sequentur,

91 627 310 700 Deripientqne
325 631 405 681 rates
421 624 471 680 alii
487 621 667 680 navalibus?
709 624 766 692 Ite,

91 705 180 762 Ferte
195 705 246 761 citi
261 704 407 773 flammas,
424 704 493 760 date
508 702 578 770 tela,
595 701 739 776 impellite
755 720 854 760 remos
864 700 918 760 1-
969 705 1028 763 591

91 786 171 858 Quid
181 782 305 857 loquor?
321 783 433 840 autubi
443 780 532 838 sum?
550 783 634 854 Quae
644 788 775 838 mentem
789 781 908 839 insania
918 789 1029 852 mutet,

91 864 200 921 Infelix
215 861 316 919 Dido?
339 879 419 918 nune
433 866 463 918 te
478 861 559 918 faeta
573 861 667 936 impia
681 860 836 933 tangunt?
968 865 1027 921 596

90 943 175 1000 Tune
190 943 297 1010 decuit,
314 959 406 1015 quum
422 948 540 1014 secptra
554 940 757 997 dabas-En
769 941 874 999 dextra
885 940 1028 1017 fidesque,

91 1023 187 1094 Quem
204 1039 304 1078 secum
317 1021 432 1096 patrios
448 1021 534 1076 aiunt
547 1026 666 1092 portare
683 1019 822 1088 Penates,

92 1103 187 1174 Quem
203 1101 330 1158 subiisse
347 1100 479 1157 humeris
495 1100 663 1156 confectum
678 1104 776 1156 aetate
790 1103 948 1174 parentem
960 1097 1016 1158 l-

25 1216 69 1244 ·—-.x
91 1180 160 1238 Non
174 1180 257 1256 potui
274 1181 430 1254 abreptum
445 1179 586 1236 divellere
603 1196 719 1253 eorpus
734 1184 765 1235 et
779 1179 867 1235 undis
971 1182 1028 1239 606

91 1258 261 1334 Spargere?
283 1277 342 1315 non
357 1259 462 1327 socios,
479 1276 538 1315 non
555 1259 652 1334 ipsum
669 1259 822 1314 absumere
837 1258 914 1314 ferro

90 1338 265 1408 Ascanium,
281 1339 448 1413 patriisque
463 1338 647 1412 epulandum
663 1355 772 1411 ponere
787 1336 968 1394 1110110101-
1018 1367 1084 1393 ,κ-

17 1484 20 1489 ,
90 1417 204 1475 Verum
220 1435 328 1492 anceps
342 1435 462 1492 pugnae
478 1418 576 1474 fuerat
590 1416 912 1474 fortuna—Fuisset:

12 1514 16 1521 ·
92 1499 188 1571 Quem
202 1498 295 1553 metui
310 1495 478 1554 meritura?
520 1497 615 1554 Faces
631 1497 660 1552 in
676 1500 774 1553 castra
789 1496 936 1566 tulissem,

19 1592 22 1597 ·
91 1576 325 1651 Implesscmque
340 1576 420 1632 foros
434 1576 574 1646 flammis,
590 1582 754 1649 natumque
768 1584 944 1651 patremque
968 1578 1027 1635 605

31 1720 34 1725 ,
92 1655 169 1713 Cum
184 1673 290 1728 genere
305 1656 481 1724 exstinetam,
498 1662 609 1712 memet
624 1672 713 1730 super
727 1655 793 1729 ipsa
808 1655 1019 1712 dedissem.-

92 1734 152 1804 Sel,
169 1735 220 1809 qui
234 1741 382 1791 terrarum
397 1734 525 1791 flammis
541 1753 631 1809 opera
646 1734 747 1791 onmia
761 1733 883 1804 lustras,

91 1813 204 1887 Tuque,
221 1813 326 1870 harum
342 1815 488 1888 interpres
503 1831 639 1871 curarum
655 1820 686 1870 01
700 1813 819 1870 conscia
832 1814 925 1884 June,

91 1892 311 1967 Nocturnisque
328 1893 443 1949 Hecate
459 1894 559 1950 triviis
573 1893 691 1949 ululata
704 1911 757 1967 per
771 1894 870 1964 urbes,

91 1971 132 2029 Et
148 1972 239 2028 Dirae
254 1972 383 2042 ultrices
399 1979 429 2029 01
444 1974 472 2029 di
488 1973 643 2029 morientis
658 1973 784 2042 Elissae,
967 1975 1027 2032 610

91 2051 226 2126 Accipite
242 2052 324 2120 haec,
340 2052 539 2126 meritumque
554 2053 644 2109 melis
659 2052 806 2109 advertite
822 2069 943 2123 numen,

90 2129 132 2187 Et
147 2136 267 2188 nostras
282 2131 383 2188 audite
398 2148 510 2205 preces
554 2131 585 2188 Si
602 2137 724 2204 tangere
739 2139 845 2206 partus

89 2208 253 2266 Infandum
268 2217 358 2284 caput
373 2229 408 2266 ac
422 2211 510 2268 terris
525 2211 633 2267 adnare
649 2228 768 2267 necesse
783 2217 838 2281 est,

26 2287 131 2346 *Et
146 2290 189 2345 sic
203 2289 267 2346 fata
281 2291 301 2347 J
305 2290 371 2345 ovis
385 2296 522 2364 poscunt,
539 2289 586 2346 hic
601 2290 747 2347 terminus
763 2289 883 2348 haeret:

89 2367 134 2424 At
149 2368 226 2424 belle
242 2369 364 2425 audacis
378 2370 481 2444 populi
497 2375 623 2426 rexatus
638 2376 668 2426 et
683 2369 784 2439 armiS,
967 2372 1027 2431 615

91 2445 219 2504 Finibus
233 2449 368 2518 extorris,
384 2442 542 2523 complexu
557 2449 682 2505 evulsus
697 2449 765 2518 Iuli,

91 2524 248 2582 Auxilium
264 2527 410 2602 imploret,
427 2529 589 2602 videatque
604 2528 731 2602 indigna
747 2546 868 2586 suorum

29 2658 33 2665 .
91 2604 218 2674 Funera,
235 2624 296 2677 ncc,
313 2625 404 2681 quum
420 2625 451 2664 se
466 2609 523 2664 sub
537 2608 621 2682 leges
634 2609 718 2684 pacis
733 2608 853 2682 iniquae

90 2683 268 2754 Tradiderit,
284 2703 375 2759 regno
391 2693 444 2743 eut
459 2693 562 2762 optata
577 2689 640 2744 luce
655 2687 778 2758 fruatur,

89 2762 148 2820 Sed
163 2765 252 2822 cadat
268 2773 335 2822 ante
350 2767 429 2823 diem
444 2767 598 2840 mediaque
614 2767 789 2824 inhumatus
804 2784 903 2824 arena.
967 2768 1025 2825 620

88 2842 174 2901 Haec
182 2862 293 2920 precor,
302 2846 379 2902 banc
389 2863 492 2902 vocem
504 2852 668 2903 extremam
680 2864 747 2904 cum
760 2847 907 2920 sanguine
919 2844 1022 2904 fundo·

87 2920 165 2980 'lum
180 2942 243 2994 vos,
260 2943 277 2980 ο
294 2925 384 2999 Tyrii,
402 2925 526 2999 stirpem
541 2932 572 2983 et
586 2944 682 2999 genus
698 2944 784 2983 omne
799 2925 934 2982 futurum

87 3001 231 3061 Exercete
247 3004 332 3073 011110,
348 3005 499 3077 cinerique
515 3004 587 3061 baec
602 3006 713 3062 mittite
728 3010 830 3062 nostro

88 3079 220 3138 Munera.
264 3082 374 3139 Nullus
389 3100 473 3139 amar
486 3084 614 3159 populis,
631 3103 685 3140 nec
698 3083 820 3141 foedera
833 3087 931 3141 sunto.

86 3158 231 3216 Exoriare
247 3162 355 3235 aliquis
370 3162 482 3219 nastris
496 3180 533 3219 cx
548 3164 668 3220 assibus
682 3163 771 3234 ultor,
963 3162 1021 3221 025

86 3237 145 3309 Qui
161 3238 225 3296 face
241 3239 411 3298 Dardanios
426 3241 561 3316 ferraque
577 3260 703 3318 sequare
719 3243 850 3312 colonos,

81 3313 115 3372 N
116 3332 180 3386 nne,
199 3317 278 3388 olim,
295 3337 483 3397 quacumque
497 3321 613 3378 debunt
627 3339 659 3378 se
674 3320 924 3398 temporarius!
