2204 3676
373 188 533 238 vuaomr
555 186 695 237 annuis
718 188 771 240 1v.
1001 171 1043 239 75

108 337 205 400 Ardet
219 355 325 398 amane
339 339 420 397 Dido
434 339 585 414 traxitque
598 356 652 414 per
666 357 736 398 ossa
748 340 886 399 furorem

107 419 306 478 Communem
321 418 400 477 hunc
415 436 486 492 ergo
499 419 643 495 populum
657 420 840 494 paribusque
854 437 997 494 regamus

105 498 279 572 Auspiciis;
301 497 388 555 liceat
403 498 539 571 Phrygio
554 497 665 554 servire
679 499 795 566 marito,

105 577 291 653 Dotalesque
305 584 376 634 tuae
391 577 499 651 Tyrios
511 577 683 652 permittere
698 577 850 635 dextrae.''

148 736 209 794 Olli
227 736 336 813 (sensit
350 736 429 792 enim
444 735 587 793 simulata
599 741 698 793 mente
713 735 852 808 locutam,
986 740 1040 797 105

105 816 173 888 Quo
187 833 313 890 regnum
327 815 435 872 Italiae
450 815 581 888 Libycas
596 823 743 872 averteret
757 817 840 892 oras)

107 893 155 952 sic
170 900 275 952 contra
287 900 334 951 est
349 894 486 968 ingressa
500 895 623 952 Venusz
647 895 749 967 “Quis
764 896 837 952 talia
851 897 975 955 demens

103 973 240 1045 Abnuat,
257 980 310 1030 aut
324 980 423 1030 tecum
437 973 523 1031 malit
537 974 716 1031 contendere
731 973 832 1031 bello?

107 1052 139 1111 si
153 1054 252 1123 modo,
268 1052 348 1127 quod
361 1070 518 1121 memoras,
533 1054 646 1110 factum
661 1053 782 1110 fortuna
795 1061 946 1129 sequatur.

107 1131 166 1189 Sed
181 1133 253 1189 fatis
267 1133 381 1188 incerta
394 1132 478 1201 feror,
495 1133 521 1188 si
535 1133 657 1207 Jupiter
671 1151 761 1190 unam
983 1137 1040 1193 110

106 1209 181 1268 Esse
196 1212 270 1269 velit
284 1211 384 1284 Tyriis
398 1212 504 1268 urbem
519 1212 664 1286 Trojaque
679 1213 829 1288 profectis,

107 1289 266 1348 Miscerive
280 1291 386 1365 probet
398 1292 536 1364 populos,
554 1297 606 1348 aut
621 1292 740 1349 foedera
749 1293 844 1367 jungi.

106 1369 152 1427 Tu
166 1373 312 1445 conjunx:
333 1370 388 1427 tibi
402 1370 447 1425 las
463 1371 596 1426 animum
611 1377 726 1428 tentare
740 1372 897 1446 procando.

108 1448 221 1524 Perge;
242 1450 379 1524 sequar.’'
421 1449 499 1505 Tum
514 1450 556 1506 sic
571 1451 686 1525 excepit
701 1453 784 1525 regia
797 1452 897 1509 June:

107 1528 472 1586 “Mecumeritietelabor.
503 1529 1039 1605 Nuncquarationequodinstat115
1065 1544 1082 1576 'x

108 1607 236 1666 Oonfieri
248 1607 354 1684 possit,
369 1609 482 1683 paucio,
499 1609 630 1678 adverte,
646 1610 766 1666 docebo.

106 1683 257 1745 Venatum
272 1687 393 1744 Aeneas
408 1706 526 1762 unaque
539 1688 706 1746 miserrima
721 1689 801 1746 Dido

105 1764 141 1823 In
156 1767 262 1823 nemus
276 1767 318 1822 ire
332 1773 448 1842 parant,
464 1768 516 1824 ubi
529 1768 642 1842 primos
658 1769 808 1825 crastinus
823 1774 907 1826 ortus

105 1845 256 1903 Extularit
271 1846 361 1903 Titan
375 1846 527 1920 radiisque
532 1848 684 1922 Qut.
697 1850 805 1905 orbem.

106 1924 164 1982 His
178 1943 235 2000 ego
249 1925 421 2000 nigrantem
435 1926 598 1983 commixta
612 1929 758 2001 grandine
772 1928 918 1996 nimbum,
982 1927 1039 1983 120

106 2003 186 2061 Dum
200 2005 354 2080 trepidant
368 2006 440 2076 alae,
457 2007 611 2080 saltusque
626 2008 768 2083 indagine
783 2007 917 2078 cingunt,

106 2082 242 2159 Desuper
256 2085 420 2154 infundam,
437 2091 467 2141 et
481 2087 595 2142 tonitru
610 2080 726 2143 caeluni
742 2104 827 2142 omne
843 2087 935 2142 ciebo.

106 2162 274 2237 Diffugient
288 2165 422 2234 comites,
438 2172 469 2222 et
483 2172 569 2222 nocte
584 2172 725 2238 tegentur
740 2183 850 2240 opaca;

107 2241 380 2317 Speluncam-Dido
396 2244 457 2300 dux
471 2250 500 2300 et
516 2244 661 2317 Trojauus
676 2246 801 2301 eandem

106 2320 281 2380 Devenieat.
316 2323 435 2392 ·Ader0,
452 2329 489 2393 et,
505 2329 559 2380 tua
573 2325 598 2379 si
612 2324 687 2380 mihi
702 2331 784 2381 certa
796 2323 948 2392 voluntas
983 2322 1039 2379 125

106 2400 280 2477 [Connubio
290 2404 416 2476 jungam
433 2403 535 2460 stabili
549 2404 757 2477 propriamque
773 2403 877 2459 dicabo
888 2401 912 2486 ε]

106 2479 165 2536 1110
179 2481 367 2555 hymenaeus
381 2483 466 2539 erit.”
508 2481 577 2541 Non
586 2483 752 2555 ⁸adversata
766 2480 880 2556 petenti

105 2559 232 2631 Annuit,
249 2566 338 2635 atque
353 2562 431 2618 dolis
445 2562 514 2618 risit
530 2561 681 2635 Cytherea
694 2561 829 2636 repertis,

87 2786 89 2791 A
144 2717 298 2777 Oceanum
312 2719 427 2777 interea
441 2737 568 2794 surgens
583 2720 704 2777 Aurora
717 2721 847 2795 reliquit.

105 2798 134 2856 It
149 2799 254 2874 portis,
265 2800 372 2874 jubare
387 2806 500 2870 exorte,
516 2799 632 2857 delecta
642 2803 807 2874 juventus3
984 2799 1042 2855 130

104 2878 196 2936 Retia
209 2896 285 2950 rara,
300 2880 416 2954 plagae,
432 2880 493 2936 lato
509 2880 659 2937 venabula
673 2881 759 2949 scrro,

104 2957 294 3034 Massylique
308 2964 400 3016 ruunt
413 2959 531 3034 equites
545 2966 576 3017 01
591 2961 685 3016 odora
699 2978 807 3017 cauum
821 2959 877 3016 vis.

103 3037 257 3111 Reginam
270 3038 404 3095 thalamo
419 3044 611 3096 cunctantem
626 3040 663 3096 ad
677 3039 781 3096 limina
794 3037 883 3113 primi

103 3117 275 3174 Poenorum
289 3123 481 3192 exspectant3
503 3124 643 3192 ostroque
658 3119 789 3191 insignis
804 3124 834 3174 et
850 3133 923 3173 auro

104 3195 173 3253 Stat
188 3197 318 3271 sonipes,
335 3213 369 3252 00
383 3196 467 3253 frena
481 3197 565 3254 ferox
580 3199 754 3270 spumantia
767 3197 892 3253 mandit.
986 3194 1042 3251 135

60 3326 64 3343 ,.
104 3276 240 3334 Tandem
253 3275 455 3350 progreditur,
471 3294 583 3350 magna
597 3275 729 3348 stipante
745 3282 874 3345 caterva,

104 3354 260 3414 Sidoniam
274 3355 357 3429 picto
372 3353 561 3428 chlamydem
576 3354 762 3412 circumdata
774 3355 887 3413 limhot
