<?xml version="1.0" encoding="UTF-8"?>
<!DOCTYPE html PUBLIC "-//W3C//DTD XHTML 1.0 Transitional//EN"
    "http://www.w3.org/TR/xhtml1/DTD/xhtml1-transitional.dtd">
<html xmlns="http://www.w3.org/1999/xhtml" xml:lang="en" lang="en">
 <head>
  <title>
</title>
<meta http-equiv="Content-Type" content="text/html;charset=utf-8" />
  <meta name='ocr-system' content='tesseract 3.04.00' />
  <meta name='ocr-capabilities' content='ocr_page ocr_carea ocr_par ocr_line ocrx_word'/>
</head>
<body>
  <div class='ocr_page' id='page_1' title='image "./sixbooksneidvir00virggoog_0117.png"; bbox 0 0 2204 3676; ppageno 0'>
   <div class='ocr_carea' id='block_1_1' title="bbox 81 164 749 228">
    <p class='ocr_par' dir='ltr' id='par_1_1' title="bbox 81 164 749 228">
     <span class='ocr_line' id='line_1_1' title="bbox 81 164 749 228; baseline -0.001 -1"><span class='ocrx_word' id='word_1_1' title='bbox 81 164 142 227; x_wconf 90' lang='lat'>108</span> <span class='ocrx_word' id='word_1_2' title='bbox 369 178 527 227; x_wconf 80' lang='lat' dir='ltr'>vnaernr</span> <span class='ocrx_word' id='word_1_3' title='bbox 552 178 690 225; x_wconf 73' lang='lat' dir='ltr'>narare</span> <span class='ocrx_word' id='word_1_4' title='bbox 715 179 749 228; x_wconf 83' lang='lat' dir='ltr'>r.</span> 
     </span>
    </p>
   </div>
   <div class='ocr_carea' id='block_1_2' title="bbox 81 328 1028 3275">
    <p class='ocr_par' dir='ltr' id='par_1_2' title="bbox 81 328 980 484">
     <span class='ocr_line' id='line_1_2' title="bbox 81 328 980 405; baseline 0.002 -19"><span class='ocrx_word' id='word_1_5' title='bbox 81 328 139 388; x_wconf 91' lang='lat' dir='ltr'>Hic</span> <span class='ocrx_word' id='word_1_6' title='bbox 154 329 261 389; x_wconf 85' lang='lat' dir='ltr'>domus</span> <span class='ocrx_word' id='word_1_7' title='bbox 276 331 340 389; x_wconf 89' lang='lat' dir='ltr'>est’</span> <span class='ocrx_word' id='word_1_8' title='bbox 355 329 453 405; x_wconf 86' lang='lat' dir='ltr'>inquit</span> <span class='ocrx_word' id='word_1_9' title='bbox 468 330 591 388; x_wconf 86' lang='lat' dir='ltr'>‘vobis’</span> <span class='ocrx_word' id='word_1_10' title='bbox 632 329 654 387; x_wconf 89' lang='lat' dir='ltr'><strong>J</strong></span> <span class='ocrx_word' id='word_1_11' title='bbox 657 348 705 386; x_wconf 93' lang='lat' dir='ltr'>am</span> <span class='ocrx_word' id='word_1_12' title='bbox 719 335 840 405; x_wconf 87' lang='lat' dir='ltr'>tempus</span> <span class='ocrx_word' id='word_1_13' title='bbox 855 329 907 404; x_wconf 89' lang='lat' dir='ltr'>agi</span> <span class='ocrx_word' id='word_1_14' title='bbox 921 346 980 400; x_wconf 84' lang='lat' dir='ltr'>res,</span> 
     </span>
     <span class='ocr_line' id='line_1_3' title="bbox 81 409 860 484; baseline 0 -18"><span class='ocrx_word' id='word_1_15' title='bbox 81 409 145 467; x_wconf 89' lang='lat' dir='ltr'>Ncc</span> <span class='ocrx_word' id='word_1_16' title='bbox 161 411 256 467; x_wconf 80' lang='lat' dir='ltr'>tantis</span> <span class='ocrx_word' id='word_1_17' title='bbox 270 428 356 468; x_wconf 91' lang='lat' dir='ltr'>mora</span> <span class='ocrx_word' id='word_1_18' title='bbox 370 410 526 484; x_wconf 84' lang='lat' dir='ltr'>prodigiis,</span> <span class='ocrx_word' id='word_1_19' title='bbox 569 409 618 466; x_wconf 82' lang='lat' dir='ltr'>En</span> <span class='ocrx_word' id='word_1_20' title='bbox 632 415 776 484; x_wconf 89' lang='lat' dir='ltr'>quattuor</span> <span class='ocrx_word' id='word_1_21' title='bbox 791 427 860 467; x_wconf 87' lang='lat' dir='ltr'>arae</span> 
     </span>
    </p>

    <p class='ocr_par' dir='ltr' id='par_1_3' title="bbox 81 488 1019 723">
     <span class='ocr_line' id='line_1_4' title="bbox 81 488 1019 565; baseline -0.003 -17"><span class='ocrx_word' id='word_1_22' title='bbox 81 489 225 565; x_wconf 90' lang='lat' dir='ltr'>Neptuno</span> <span class='ocrx_word' id='word_1_23' title='bbox 240 511 247 563; x_wconf 79' lang='lat'><em>3</em></span> <span class='ocrx_word' id='word_1_24' title='bbox 270 490 344 547; x_wconf 89' lang='lat' dir='ltr'>deus</span> <span class='ocrx_word' id='word_1_25' title='bbox 360 490 425 563; x_wconf 86' lang='lat' dir='ltr'>ipse</span> <span class='ocrx_word' id='word_1_26' title='bbox 441 489 522 546; x_wconf 87' lang='lat' dir='ltr'>faces</span> <span class='ocrx_word' id='word_1_27' title='bbox 537 488 730 563; x_wconf 89' lang='lat' dir='ltr'>animumque</span> <span class='ocrx_word' id='word_1_28' title='bbox 745 489 930 547; x_wconf 86' lang='lat' dir='ltr'>ministrat.&#39;&#39;</span> <span class='ocrx_word' id='word_1_29' title='bbox 963 490 1019 546; x_wconf 84' lang='lat'>640</span> 
     </span>
     <span class='ocr_line' id='line_1_5' title="bbox 82 569 954 644; baseline -0.002 -17"><span class='ocrx_word' id='word_1_30' title='bbox 82 570 168 627; x_wconf 89' lang='lat' dir='ltr'>Haec</span> <span class='ocrx_word' id='word_1_31' title='bbox 183 586 363 639; x_wconf 87' lang='lat' dir='ltr'>memorans,</span> <span class='ocrx_word' id='word_1_32' title='bbox 379 570 478 644; x_wconf 90' lang='lat' dir='ltr'>prima</span> <span class='ocrx_word' id='word_1_33' title='bbox 491 569 643 625; x_wconf 91' lang='lat' dir='ltr'>infensum</span> <span class='ocrx_word' id='word_1_34' title='bbox 658 569 690 624; x_wconf 87' lang='lat' dir='ltr'>vi</span> <span class='ocrx_word' id='word_1_35' title='bbox 704 569 826 644; x_wconf 83' lang='lat' dir='ltr'><strong>corripit</strong></span> <span class='ocrx_word' id='word_1_36' title='bbox 840 570 954 643; x_wconf 86' lang='lat' dir='ltr'><strong>ignem,</strong></span> 
     </span>
     <span class='ocr_line' id='line_1_6' title="bbox 84 649 815 723; baseline -0.004 -15"><span class='ocrx_word' id='word_1_37' title='bbox 84 649 270 723; x_wconf 86' lang='lat' dir='ltr'>Sublataque</span> <span class='ocrx_word' id='word_1_38' title='bbox 285 649 389 723; x_wconf 90' lang='lat' dir='ltr'>procul</span> <span class='ocrx_word' id='word_1_39' title='bbox 405 649 511 705; x_wconf 79' lang='lat' dir='ltr'>dextra</span> <span class='ocrx_word' id='word_1_40' title='bbox 526 649 655 705; x_wconf 81' lang='lat' dir='ltr'>connixa</span> <span class='ocrx_word' id='word_1_41' title='bbox 669 654 815 718; x_wconf 81' lang='lat' dir='ltr'>coruscat,</span> 
     </span>
    </p>

    <p class='ocr_par' dir='ltr' id='par_1_4' title="bbox 83 727 1022 1038">
     <span class='ocr_line' id='line_1_7' title="bbox 83 727 888 802; baseline -0.002 -16"><span class='ocrx_word' id='word_1_42' title='bbox 83 729 125 786; x_wconf 84' lang='lat' dir='ltr'>Et</span> <span class='ocrx_word' id='word_1_43' title='bbox 135 729 216 802; x_wconf 76' lang='lat' dir='ltr'>Jacit.</span> <span class='ocrx_word' id='word_1_44' title='bbox 260 730 404 785; x_wconf 80' lang='lat' dir='ltr'>Arrectae</span> <span class='ocrx_word' id='word_1_45' title='bbox 420 734 537 785; x_wconf 82' lang='lat' dir='ltr'>mentes</span> <span class='ocrx_word' id='word_1_46' title='bbox 552 729 782 802; x_wconf 79' lang='lat' dir='ltr'>stupefactaque</span> <span class='ocrx_word' id='word_1_47' title='bbox 797 727 888 785; x_wconf 89' lang='lat' dir='ltr'>corda</span> 
     </span>
     <span class='ocr_line' id='line_1_8' title="bbox 84 808 900 883; baseline -0.002 -17"><span class='ocrx_word' id='word_1_48' title='bbox 84 809 222 866; x_wconf 84' lang='lat' dir='ltr'><strong>Iliadum.</strong></span> <span class='ocrx_word' id='word_1_49' title='bbox 266 808 325 865; x_wconf 91' lang='lat' dir='ltr'>Hic</span> <span class='ocrx_word' id='word_1_50' title='bbox 339 826 401 864; x_wconf 90' lang='lat' dir='ltr'>una</span> <span class='ocrx_word' id='word_1_51' title='bbox 415 826 431 864; x_wconf 88' lang='lat' dir='ltr'>e</span> <span class='ocrx_word' id='word_1_52' title='bbox 446 809 559 879; x_wconf 88' lang='lat' dir='ltr'>multis,</span> <span class='ocrx_word' id='word_1_53' title='bbox 576 825 653 883; x_wconf 87' lang='lat' dir='ltr'>quae</span> <span class='ocrx_word' id='word_1_54' title='bbox 668 809 801 866; x_wconf 87' lang='lat' dir='ltr'>maxima</span> <span class='ocrx_word' id='word_1_55' title='bbox 816 813 900 877; x_wconf 88' lang='lat' dir='ltr'>natu,</span> 
     </span>
     <span class='ocr_line' id='line_1_9' title="bbox 85 886 1022 962; baseline 0.001 -18"><span class='ocrx_word' id='word_1_56' title='bbox 85 888 198 962; x_wconf 89' lang='lat' dir='ltr'>Pyrgo,</span> <span class='ocrx_word' id='word_1_57' title='bbox 214 893 260 944; x_wconf 91' lang='lat' dir='ltr'>tot</span> <span class='ocrx_word' id='word_1_58' title='bbox 276 887 392 944; x_wconf 80' lang='lat' dir='ltr'><strong>Priami</strong></span> <span class='ocrx_word' id='word_1_59' title='bbox 407 894 547 944; x_wconf 86' lang='lat' dir='ltr'>natorum</span> <span class='ocrx_word' id='word_1_60' title='bbox 562 888 647 961; x_wconf 88' lang='lat' dir='ltr'>regia</span> <span class='ocrx_word' id='word_1_61' title='bbox 661 888 781 945; x_wconf 85' lang='lat' dir='ltr'>nutrix:</span> <span class='ocrx_word' id='word_1_62' title='bbox 964 886 1022 946; x_wconf 74' lang='grc'>665</span> 
     </span>
     <span class='ocr_line' id='line_1_10' title="bbox 85 967 878 1038; baseline 0 -14"><span class='ocrx_word' id='word_1_63' title='bbox 85 973 102 998; x_wconf 85' lang='grc'>“</span> <span class='ocrx_word' id='word_1_64' title='bbox 112 967 182 1024; x_wconf 90' lang='lat' dir='ltr'>Non</span> <span class='ocrx_word' id='word_1_65' title='bbox 196 967 291 1024; x_wconf 70' lang='lat' dir='ltr'>Beroe</span> <span class='ocrx_word' id='word_1_66' title='bbox 304 967 400 1037; x_wconf 87' lang='lat' dir='ltr'>vobis,</span> <span class='ocrx_word' id='word_1_67' title='bbox 417 985 477 1024; x_wconf 92' lang='lat' dir='ltr'>non</span> <span class='ocrx_word' id='word_1_68' title='bbox 492 967 565 1024; x_wconf 88' lang='lat' dir='ltr'>haec</span> <span class='ocrx_word' id='word_1_69' title='bbox 580 967 738 1036; x_wconf 83' lang='lat' dir='ltr'>Rhoeteia,</span> <span class='ocrx_word' id='word_1_70' title='bbox 754 972 878 1038; x_wconf 74' lang='lat' dir='ltr'>matreS,</span> 
     </span>
    </p>

    <p class='ocr_par' dir='ltr' id='par_1_5' title="bbox 85 1047 816 1202">
     <span class='ocr_line' id='line_1_11' title="bbox 85 1047 797 1122; baseline 0 -18"><span class='ocrx_word' id='word_1_71' title='bbox 85 1047 143 1104; x_wconf 86' lang='lat' dir='ltr'>Est</span> <span class='ocrx_word' id='word_1_72' title='bbox 158 1048 283 1122; x_wconf 88' lang='lat' dir='ltr'><strong>Dorycli</strong></span> <span class='ocrx_word' id='word_1_73' title='bbox 298 1049 445 1121; x_wconf 85' lang='lat' dir='ltr'>conjunx:</span> <span class='ocrx_word' id='word_1_74' title='bbox 467 1047 563 1104; x_wconf 85' lang='lat' dir='ltr'>divini</span> <span class='ocrx_word' id='word_1_75' title='bbox 578 1047 667 1121; x_wconf 90' lang='lat' dir='ltr'>signa</span> <span class='ocrx_word' id='word_1_76' title='bbox 681 1047 797 1104; x_wconf 85' lang='lat' dir='ltr'>decoris</span> 
     </span>
     <span class='ocr_line' id='line_1_12' title="bbox 85 1126 816 1202; baseline -0.003 -17"><span class='ocrx_word' id='word_1_77' title='bbox 85 1128 296 1201; x_wconf 83' lang='lat' dir='ltr'>Ardentesque</span> <span class='ocrx_word' id='word_1_78' title='bbox 312 1133 414 1184; x_wconf 89' lang='lat' dir='ltr'>notate</span> <span class='ocrx_word' id='word_1_79' title='bbox 430 1126 541 1198; x_wconf 89' lang='lat' dir='ltr'>oculos,</span> <span class='ocrx_word' id='word_1_80' title='bbox 558 1128 609 1202; x_wconf 93' lang='lat' dir='ltr'>qui</span> <span class='ocrx_word' id='word_1_81' title='bbox 625 1127 748 1202; x_wconf 85' lang='lat' dir='ltr'>spiritus</span> <span class='ocrx_word' id='word_1_82' title='bbox 762 1127 816 1201; x_wconf 89' lang='lat' dir='ltr'>illi,</span> 
     </span>
    </p>

    <p class='ocr_par' dir='ltr' id='par_1_6' title="bbox 86 1206 861 1281">
     <span class='ocr_line' id='line_1_13' title="bbox 86 1206 861 1281; baseline 0 -17"><span class='ocrx_word' id='word_1_83' title='bbox 86 1208 146 1280; x_wconf 79' lang='lat' dir='ltr'>Qui</span> <span class='ocrx_word' id='word_1_84' title='bbox 161 1207 272 1277; x_wconf 88' lang='lat' dir='ltr'>vultus,</span> <span class='ocrx_word' id='word_1_85' title='bbox 289 1208 431 1281; x_wconf 89' lang='lat' dir='ltr'>vocisque</span> <span class='ocrx_word' id='word_1_86' title='bbox 447 1224 548 1276; x_wconf 78' lang='lat' dir='ltr'>sonuS,</span> <span class='ocrx_word' id='word_1_87' title='bbox 566 1207 614 1263; x_wconf 85' lang='lat' dir='ltr'>rel</span> <span class='ocrx_word' id='word_1_88' title='bbox 630 1224 755 1281; x_wconf 82' lang='lat' dir='ltr'>gressus</span> <span class='ocrx_word' id='word_1_89' title='bbox 769 1206 861 1264; x_wconf 87' lang='lat' dir='ltr'>eunti.</span> 
     </span>
    </p>

    <p class='ocr_par' dir='ltr' id='par_1_7' title="bbox 85 1286 1025 1442">
     <span class='ocr_line' id='line_1_14' title="bbox 85 1286 1025 1362; baseline -0.002 -18"><span class='ocrx_word' id='word_1_90' title='bbox 85 1286 162 1362; x_wconf 89' lang='lat' dir='ltr'>Ipsa</span> <span class='ocrx_word' id='word_1_91' title='bbox 175 1293 296 1361; x_wconf 85' lang='lat' dir='ltr'>egomet</span> <span class='ocrx_word' id='word_1_92' title='bbox 311 1288 426 1344; x_wconf 89' lang='lat' dir='ltr'>dudum</span> <span class='ocrx_word' id='word_1_93' title='bbox 442 1286 557 1344; x_wconf 75' lang='lat' dir='ltr'>Beroia</span> <span class='ocrx_word' id='word_1_94' title='bbox 572 1287 709 1361; x_wconf 87' lang='lat' dir='ltr'>digressa</span> <span class='ocrx_word' id='word_1_95' title='bbox 724 1286 831 1362; x_wconf 90' lang='lat' dir='ltr'>reliqui</span> <span class='ocrx_word' id='word_1_96' title='bbox 967 1286 1025 1344; x_wconf 87' lang='grc'>656</span> 
     </span>
     <span class='ocr_line' id='line_1_15' title="bbox 86 1366 845 1442; baseline -0.001 -18"><span class='ocrx_word' id='word_1_97' title='bbox 86 1369 231 1442; x_wconf 80' lang='lat' dir='ltr'>Aegram,</span> <span class='ocrx_word' id='word_1_98' title='bbox 248 1367 469 1441; x_wconf 81' lang='lat' dir='ltr'>indignantem,</span> <span class='ocrx_word' id='word_1_99' title='bbox 485 1366 540 1423; x_wconf 88' lang='lat' dir='ltr'>tali</span> <span class='ocrx_word' id='word_1_100' title='bbox 555 1367 636 1441; x_wconf 91' lang='lat' dir='ltr'>quod</span> <span class='ocrx_word' id='word_1_101' title='bbox 651 1367 717 1423; x_wconf 89' lang='lat' dir='ltr'>sola</span> <span class='ocrx_word' id='word_1_102' title='bbox 731 1370 845 1423; x_wconf 84' lang='lat' dir='ltr'>careret</span> 
     </span>
    </p>

    <p class='ocr_par' dir='ltr' id='par_1_8' title="bbox 85 1446 907 1588">
     <span class='ocr_line' id='line_1_16' title="bbox 85 1446 907 1515; baseline -0.002 -11"><span class='ocrx_word' id='word_1_103' title='bbox 85 1447 220 1515; x_wconf 88' lang='lat' dir='ltr'>Munere,</span> <span class='ocrx_word' id='word_1_104' title='bbox 237 1464 291 1504; x_wconf 91' lang='lat' dir='ltr'>nec</span> <span class='ocrx_word' id='word_1_105' title='bbox 305 1447 428 1504; x_wconf 87' lang='lat' dir='ltr'>meritos</span> <span class='ocrx_word' id='word_1_106' title='bbox 444 1446 597 1504; x_wconf 83' lang='lat' dir='ltr'>Anchisae</span> <span class='ocrx_word' id='word_1_107' title='bbox 612 1447 734 1504; x_wconf 84' lang='lat' dir='ltr'>inferret</span> <span class='ocrx_word' id='word_1_108' title='bbox 748 1446 907 1504; x_wconf 68' lang='lat' dir='ltr'>honores„</span> 
     </span>
     <span class='ocr_line' id='line_1_17' title="bbox 87 1527 285 1588; baseline 0.005 -4"><span class='ocrx_word' id='word_1_109' title='bbox 87 1527 285 1588; x_wconf 80' lang='lat' dir='ltr'>Hacaeffata.</span> 
     </span>
    </p>

    <p class='ocr_par' dir='ltr' id='par_1_9' title="bbox 86 1605 1026 1841">
     <span class='ocr_line' id='line_1_18' title="bbox 86 1605 956 1682; baseline -0.001 -18"><span class='ocrx_word' id='word_1_110' title='bbox 86 1607 132 1664; x_wconf 84' lang='lat' dir='ltr'>At</span> <span class='ocrx_word' id='word_1_111' title='bbox 145 1613 258 1664; x_wconf 86' lang='lat' dir='ltr'>matres</span> <span class='ocrx_word' id='word_1_112' title='bbox 272 1607 370 1681; x_wconf 91' lang='lat' dir='ltr'>primo</span> <span class='ocrx_word' id='word_1_113' title='bbox 385 1607 539 1682; x_wconf 68' lang='lat' dir='ltr'>ancipites</span> <span class='ocrx_word' id='word_1_114' title='bbox 556 1607 710 1682; x_wconf 89' lang='lat' dir='ltr'>oculisque</span> <span class='ocrx_word' id='word_1_115' title='bbox 724 1605 869 1680; x_wconf 85' lang='lat' dir='ltr'>malignis</span> <span class='ocrx_word' id='word_1_116' title='bbox 953 1658 956 1663; x_wconf 91' lang='grc'><em>,</em></span> 
     </span>
     <span class='ocr_line' id='line_1_19' title="bbox 87 1684 1026 1762; baseline -0.002 -18"><span class='ocrx_word' id='word_1_117' title='bbox 87 1687 260 1761; x_wconf 84' lang='lat' dir='ltr'>Ambiguae</span> <span class='ocrx_word' id='word_1_118' title='bbox 276 1694 412 1762; x_wconf 90' lang='lat' dir='ltr'>spectare</span> <span class='ocrx_word' id='word_1_119' title='bbox 426 1694 508 1743; x_wconf 88' lang='lat' dir='ltr'>rates</span> <span class='ocrx_word' id='word_1_120' title='bbox 523 1688 666 1744; x_wconf 87' lang='lat' dir='ltr'>miserum</span> <span class='ocrx_word' id='word_1_121' title='bbox 680 1687 758 1743; x_wconf 88' lang='lat' dir='ltr'>inter</span> <span class='ocrx_word' id='word_1_122' title='bbox 772 1701 905 1743; x_wconf 89' lang='lat' dir='ltr'>amorem</span> <span class='ocrx_word' id='word_1_123' title='bbox 969 1684 1026 1743; x_wconf 88' lang='grc'>655</span> 
     </span>
     <span class='ocr_line' id='line_1_20' title="bbox 89 1767 799 1841; baseline -0.001 -18"><span class='ocrx_word' id='word_1_124' title='bbox 89 1767 261 1823; x_wconf 86' lang='lat' dir='ltr'>Praesentis</span> <span class='ocrx_word' id='word_1_125' title='bbox 276 1773 373 1823; x_wconf 89' lang='lat' dir='ltr'>terrae</span> <span class='ocrx_word' id='word_1_126' title='bbox 388 1767 519 1841; x_wconf 84' lang='lat' dir='ltr'>fatisque</span> <span class='ocrx_word' id='word_1_127' title='bbox 534 1767 675 1823; x_wconf 86' lang='lat' dir='ltr'>vocantia</span> <span class='ocrx_word' id='word_1_128' title='bbox 689 1784 799 1841; x_wconf 90' lang='lat' dir='ltr'>regna:</span> 
     </span>
    </p>

    <p class='ocr_par' dir='ltr' id='par_1_10' title="bbox 88 1845 859 2000">
     <span class='ocr_line' id='line_1_21' title="bbox 89 1845 859 1921; baseline 0.001 -20"><span class='ocrx_word' id='word_1_129' title='bbox 89 1847 188 1918; x_wconf 77' lang='lat' dir='ltr'>Quum</span> <span class='ocrx_word' id='word_1_130' title='bbox 201 1847 257 1902; x_wconf 90' lang='lat' dir='ltr'>dea</span> <span class='ocrx_word' id='word_1_131' title='bbox 271 1863 302 1903; x_wconf 90' lang='lat' dir='ltr'>se</span> <span class='ocrx_word' id='word_1_132' title='bbox 317 1847 442 1920; x_wconf 91' lang='lat' dir='ltr'>paribus</span> <span class='ocrx_word' id='word_1_133' title='bbox 456 1864 508 1921; x_wconf 90' lang='lat' dir='ltr'>per</span> <span class='ocrx_word' id='word_1_134' title='bbox 522 1847 639 1903; x_wconf 91' lang='lat' dir='ltr'>caelum</span> <span class='ocrx_word' id='word_1_135' title='bbox 654 1845 778 1903; x_wconf 83' lang='lat' dir='ltr'>sustulit</span> <span class='ocrx_word' id='word_1_136' title='bbox 793 1845 859 1916; x_wconf 84' lang='lat' dir='ltr'>alia,</span> 
     </span>
     <span class='ocr_line' id='line_1_22' title="bbox 88 1926 851 2000; baseline 0.001 -17"><span class='ocrx_word' id='word_1_137' title='bbox 88 1926 310 2000; x_wconf 86' lang='lat' dir='ltr'>lugentemque</span> <span class='ocrx_word' id='word_1_138' title='bbox 325 1927 398 2000; x_wconf 82' lang='lat' dir='ltr'>iuga</span> <span class='ocrx_word' id='word_1_139' title='bbox 414 1927 510 1984; x_wconf 89' lang='lat' dir='ltr'>secuit</span> <span class='ocrx_word' id='word_1_140' title='bbox 524 1927 580 1982; x_wconf 90' lang='lat' dir='ltr'>snb</span> <span class='ocrx_word' id='word_1_141' title='bbox 595 1927 726 1983; x_wconf 88' lang='lat' dir='ltr'>nubibus</span> <span class='ocrx_word' id='word_1_142' title='bbox 741 1943 851 1984; x_wconf 89' lang='lat' dir='ltr'>arcum.</span> 
     </span>
    </p>

    <p class='ocr_par' dir='ltr' id='par_1_11' title="bbox 89 2005 1026 2400">
     <span class='ocr_line' id='line_1_23' title="bbox 89 2005 846 2081; baseline -0.001 -19"><span class='ocrx_word' id='word_1_143' title='bbox 89 2005 167 2062; x_wconf 82' lang='lat' dir='ltr'>Tum</span> <span class='ocrx_word' id='word_1_144' title='bbox 183 2023 252 2065; x_wconf 85' lang='lat' dir='ltr'>vero</span> <span class='ocrx_word' id='word_1_145' title='bbox 268 2006 415 2062; x_wconf 87' lang='lat' dir='ltr'>attonitae</span> <span class='ocrx_word' id='word_1_146' title='bbox 430 2007 574 2063; x_wconf 91' lang='lat' dir='ltr'>monstris</span> <span class='ocrx_word' id='word_1_147' title='bbox 591 2012 732 2081; x_wconf 87' lang='lat' dir='ltr'>actaeque</span> <span class='ocrx_word' id='word_1_148' title='bbox 748 2007 846 2062; x_wconf 85' lang='lat' dir='ltr'>furore</span> 
     </span>
     <span class='ocr_line' id='line_1_24' title="bbox 90 2084 1026 2161; baseline -0.002 -17"><span class='ocrx_word' id='word_1_149' title='bbox 90 2085 297 2155; x_wconf 79' lang='lat' dir='ltr'>Conclamant,</span> <span class='ocrx_word' id='word_1_150' title='bbox 313 2086 492 2161; x_wconf 85' lang='lat' dir='ltr'>rapiuntque</span> <span class='ocrx_word' id='word_1_151' title='bbox 507 2086 580 2143; x_wconf 86' lang='lat' dir='ltr'>iocis</span> <span class='ocrx_word' id='word_1_152' title='bbox 594 2085 800 2161; x_wconf 83' lang='lat' dir='ltr'>penetralibus</span> <span class='ocrx_word' id='word_1_153' title='bbox 814 2084 936 2159; x_wconf 82' lang='lat' dir='ltr'>ignem3</span> <span class='ocrx_word' id='word_1_154' title='bbox 970 2086 1026 2142; x_wconf 88' lang='grc'>660</span> 
     </span>
     <span class='ocr_line' id='line_1_25' title="bbox 90 2165 907 2240; baseline -0.002 -18"><span class='ocrx_word' id='word_1_155' title='bbox 90 2165 166 2222; x_wconf 91' lang='lat' dir='ltr'>Pars</span> <span class='ocrx_word' id='word_1_156' title='bbox 182 2166 314 2240; x_wconf 91' lang='lat' dir='ltr'>spoliant</span> <span class='ocrx_word' id='word_1_157' title='bbox 328 2184 403 2234; x_wconf 90' lang='lat' dir='ltr'>aras,</span> <span class='ocrx_word' id='word_1_158' title='bbox 419 2166 556 2223; x_wconf 88' lang='lat' dir='ltr'>frondem</span> <span class='ocrx_word' id='word_1_159' title='bbox 571 2184 605 2222; x_wconf 89' lang='lat' dir='ltr'>ac</span> <span class='ocrx_word' id='word_1_160' title='bbox 621 2165 754 2238; x_wconf 84' lang='lat' dir='ltr'>virgulta</span> <span class='ocrx_word' id='word_1_161' title='bbox 768 2165 907 2238; x_wconf 86' lang='lat' dir='ltr'>facesque</span> 
     </span>
     <span class='ocr_line' id='line_1_26' title="bbox 91 2244 874 2319; baseline -0.004 -17"><span class='ocrx_word' id='word_1_162' title='bbox 91 2245 268 2319; x_wconf 83' lang='lat' dir='ltr'>Conjiciunt.</span> <span class='ocrx_word' id='word_1_163' title='bbox 314 2245 402 2302; x_wconf 83' lang='lat' dir='ltr'>Furit</span> <span class='ocrx_word' id='word_1_164' title='bbox 416 2245 561 2302; x_wconf 89' lang='lat' dir='ltr'>immissis</span> <span class='ocrx_word' id='word_1_165' title='bbox 577 2246 733 2302; x_wconf 90' lang='lat' dir='ltr'>Vulcanus</span> <span class='ocrx_word' id='word_1_166' title='bbox 747 2244 874 2300; x_wconf 90' lang='lat' dir='ltr'>habenis</span> 
     </span>
     <span class='ocr_line' id='line_1_27' title="bbox 90 2323 866 2400; baseline -0.001 -19"><span class='ocrx_word' id='word_1_167' title='bbox 90 2323 236 2383; x_wconf 85' lang='lat' dir='ltr'>Transtra</span> <span class='ocrx_word' id='word_1_168' title='bbox 250 2332 347 2400; x_wconf 90' lang='lat' dir='ltr'>peret</span> <span class='ocrx_word' id='word_1_169' title='bbox 362 2342 461 2382; x_wconf 88' lang='lat' dir='ltr'>remos</span> <span class='ocrx_word' id='word_1_170' title='bbox 475 2331 506 2382; x_wconf 90' lang='grc'>66</span> <span class='ocrx_word' id='word_1_171' title='bbox 519 2325 615 2400; x_wconf 90' lang='lat' dir='ltr'>pictas</span> <span class='ocrx_word' id='word_1_172' title='bbox 630 2326 726 2382; x_wconf 86' lang='lat' dir='ltr'>abiete</span> <span class='ocrx_word' id='word_1_173' title='bbox 741 2341 866 2398; x_wconf 83' lang='lat' dir='ltr'>puppes</span> 
     </span>
    </p>

    <p class='ocr_par' dir='ltr' id='par_1_12' title="bbox 90 2402 1028 2638">
     <span class='ocr_line' id='line_1_28' title="bbox 90 2402 921 2478; baseline -0.004 -16"><span class='ocrx_word' id='word_1_174' title='bbox 90 2404 224 2462; x_wconf 91' lang='lat' dir='ltr'>Nuntius</span> <span class='ocrx_word' id='word_1_175' title='bbox 239 2405 393 2463; x_wconf 84' lang='lat' dir='ltr'>Anchisae</span> <span class='ocrx_word' id='word_1_176' title='bbox 409 2405 447 2462; x_wconf 91' lang='lat' dir='ltr'>ad</span> <span class='ocrx_word' id='word_1_177' title='bbox 462 2404 610 2461; x_wconf 89' lang='lat' dir='ltr'>tumulum</span> <span class='ocrx_word' id='word_1_178' title='bbox 626 2421 794 2478; x_wconf 89' lang='lat' dir='ltr'>cuneosque</span> <span class='ocrx_word' id='word_1_179' title='bbox 809 2402 921 2460; x_wconf 91' lang='lat' dir='ltr'>theatri</span> 
     </span>
     <span class='ocr_line' id='line_1_29' title="bbox 90 2483 1028 2558; baseline -0.003 -16"><span class='ocrx_word' id='word_1_180' title='bbox 90 2485 236 2542; x_wconf 81' lang='lat' dir='ltr'>Incensos</span> <span class='ocrx_word' id='word_1_181' title='bbox 250 2486 361 2558; x_wconf 88' lang='lat' dir='ltr'>perfert</span> <span class='ocrx_word' id='word_1_182' title='bbox 375 2502 469 2541; x_wconf 85' lang='lat' dir='ltr'>nares</span> <span class='ocrx_word' id='word_1_183' title='bbox 485 2485 638 2554; x_wconf 86' lang='lat' dir='ltr'>Eumelus,</span> <span class='ocrx_word' id='word_1_184' title='bbox 655 2491 686 2541; x_wconf 92' lang='lat' dir='ltr'>et</span> <span class='ocrx_word' id='word_1_185' title='bbox 699 2485 755 2558; x_wconf 89' lang='lat' dir='ltr'>ipsi</span> <span class='ocrx_word' id='word_1_186' title='bbox 972 2483 1028 2541; x_wconf 88' lang='grc'>665</span> 
     </span>
     <span class='ocr_line' id='line_1_30' title="bbox 90 2563 857 2638; baseline -0.003 -16"><span class='ocrx_word' id='word_1_187' title='bbox 90 2565 273 2638; x_wconf 85' lang='lat' dir='ltr'>Respiciunt</span> <span class='ocrx_word' id='word_1_188' title='bbox 288 2570 384 2621; x_wconf 91' lang='lat' dir='ltr'>atram</span> <span class='ocrx_word' id='word_1_189' title='bbox 399 2565 431 2620; x_wconf 89' lang='lat' dir='ltr'>in</span> <span class='ocrx_word' id='word_1_190' title='bbox 446 2564 548 2621; x_wconf 90' lang='lat' dir='ltr'>nimbo</span> <span class='ocrx_word' id='word_1_191' title='bbox 563 2564 690 2620; x_wconf 87' lang='lat' dir='ltr'>volitare</span> <span class='ocrx_word' id='word_1_192' title='bbox 705 2563 857 2635; x_wconf 81' lang='lat' dir='ltr'>favillam3</span> 
     </span>
    </p>

    <p class='ocr_par' dir='ltr' id='par_1_13' title="bbox 91 2643 889 2799">
     <span class='ocr_line' id='line_1_31' title="bbox 91 2643 889 2720; baseline 0 -21"><span class='ocrx_word' id='word_1_193' title='bbox 91 2643 212 2700; x_wconf 87' lang='lat' dir='ltr'>Primus</span> <span class='ocrx_word' id='word_1_194' title='bbox 226 2650 257 2701; x_wconf 91' lang='lat' dir='ltr'>et</span> <span class='ocrx_word' id='word_1_195' title='bbox 271 2645 433 2715; x_wconf 68' lang='lat' dir='ltr'>Ascanius</span> <span class='ocrx_word' id='word_1_196' title='bbox 449 2661 553 2701; x_wconf 88' lang='lat' dir='ltr'>cursus</span> <span class='ocrx_word' id='word_1_197' title='bbox 569 2650 602 2700; x_wconf 90' lang='lat' dir='ltr'>ut</span> <span class='ocrx_word' id='word_1_198' title='bbox 617 2645 714 2700; x_wconf 83' lang='lat' dir='ltr'>laetus</span> <span class='ocrx_word' id='word_1_199' title='bbox 728 2649 889 2720; x_wconf 51' lang='lat' dir='ltr'>equestres*</span> 
     </span>
     <span class='ocr_line' id='line_1_32' title="bbox 91 2723 733 2799; baseline 0 -18"><span class='ocrx_word' id='word_1_200' title='bbox 91 2725 237 2793; x_wconf 90' lang='lat' dir='ltr'>Ducebat,</span> <span class='ocrx_word' id='word_1_201' title='bbox 255 2725 297 2780; x_wconf 91' lang='lat' dir='ltr'>sic</span> <span class='ocrx_word' id='word_1_202' title='bbox 312 2742 380 2781; x_wconf 89' lang='lat' dir='ltr'>acer</span> <span class='ocrx_word' id='word_1_203' title='bbox 395 2742 472 2799; x_wconf 88' lang='lat' dir='ltr'>equo</span> <span class='ocrx_word' id='word_1_204' title='bbox 487 2725 610 2780; x_wconf 90' lang='lat' dir='ltr'>turbata</span> <span class='ocrx_word' id='word_1_205' title='bbox 623 2723 733 2797; x_wconf 90' lang='lat' dir='ltr'>petivit</span> 
     </span>
    </p>

    <p class='ocr_par' dir='ltr' id='par_1_14' title="bbox 92 2803 892 2878">
     <span class='ocr_line' id='line_1_33' title="bbox 92 2803 892 2878; baseline 0 -17"><span class='ocrx_word' id='word_1_206' title='bbox 92 2804 210 2873; x_wconf 81' lang='lat' dir='ltr'>Castra,</span> <span class='ocrx_word' id='word_1_207' title='bbox 226 2821 280 2860; x_wconf 89' lang='lat' dir='ltr'>nec</span> <span class='ocrx_word' id='word_1_208' title='bbox 294 2805 447 2861; x_wconf 85' lang='lat' dir='ltr'>exanimes</span> <span class='ocrx_word' id='word_1_209' title='bbox 461 2809 590 2878; x_wconf 90' lang='lat' dir='ltr'>possunt</span> <span class='ocrx_word' id='word_1_210' title='bbox 604 2804 732 2860; x_wconf 85' lang='lat' dir='ltr'>retinere</span> <span class='ocrx_word' id='word_1_211' title='bbox 742 2803 892 2878; x_wconf 81' lang='lat' dir='ltr'>magistri.</span> 
     </span>
    </p>

    <p class='ocr_par' dir='ltr' id='par_1_15' title="bbox 91 2882 1027 3198">
     <span class='ocr_line' id='line_1_34' title="bbox 92 2882 1027 2958; baseline -0.003 -17"><span class='ocrx_word' id='word_1_212' title='bbox 92 2890 108 2914; x_wconf 77' lang='lat'>‘⁴</span> <span class='ocrx_word' id='word_1_213' title='bbox 121 2885 196 2956; x_wconf 80' lang='lat' dir='ltr'>Quis</span> <span class='ocrx_word' id='word_1_214' title='bbox 211 2885 292 2940; x_wconf 86' lang='lat' dir='ltr'>furor</span> <span class='ocrx_word' id='word_1_215' title='bbox 308 2884 364 2941; x_wconf 88' lang='lat' dir='ltr'>iste</span> <span class='ocrx_word' id='word_1_216' title='bbox 376 2882 495 2941; x_wconf 82' lang='lat' dir='ltr'>novus?</span> <span class='ocrx_word' id='word_1_217' title='bbox 512 2902 570 2958; x_wconf 90' lang='lat' dir='ltr'>quo</span> <span class='ocrx_word' id='word_1_218' title='bbox 582 2901 668 2951; x_wconf 89' lang='lat' dir='ltr'>nunc,</span> <span class='ocrx_word' id='word_1_219' title='bbox 684 2901 741 2958; x_wconf 91' lang='lat' dir='ltr'>quo</span> <span class='ocrx_word' id='word_1_220' title='bbox 753 2884 880 2940; x_wconf 89' lang='lat' dir='ltr'>tenditis</span> <span class='ocrx_word' id='word_1_221' title='bbox 891 2885 908 2916; x_wconf 88' lang='lat'><strong>”</strong></span> <span class='ocrx_word' id='word_1_222' title='bbox 918 2882 1027 2957; x_wconf 86' lang='lat' dir='ltr'>inquit,</span> 
     </span>
     <span class='ocr_line' id='line_1_35' title="bbox 93 2961 1026 3037; baseline -0.002 -17"><span class='ocrx_word' id='word_1_223' title='bbox 93 2970 108 2994; x_wconf 75' lang='lat'>‘⁴</span> <span class='ocrx_word' id='word_1_224' title='bbox 119 2964 190 3020; x_wconf 88' lang='lat' dir='ltr'>Heu</span> <span class='ocrx_word' id='word_1_225' title='bbox 202 2966 328 3021; x_wconf 88' lang='lat' dir='ltr'>miserae</span> <span class='ocrx_word' id='word_1_226' title='bbox 344 2961 448 3021; x_wconf 84' lang='lat' dir='ltr'>cives?</span> <span class='ocrx_word' id='word_1_227' title='bbox 470 2980 530 3020; x_wconf 93' lang='lat' dir='ltr'>non</span> <span class='ocrx_word' id='word_1_228' title='bbox 543 2963 659 3020; x_wconf 89' lang='lat' dir='ltr'>hostem</span> <span class='ocrx_word' id='word_1_229' title='bbox 670 2964 849 3037; x_wconf 86' lang='lat' dir='ltr'>inimicaque</span> <span class='ocrx_word' id='word_1_230' title='bbox 859 2967 960 3019; x_wconf 85' lang='lat' dir='ltr'>castra</span> <span class='ocrx_word' id='word_1_231' title='bbox 972 2963 1026 3021; x_wconf 79' lang='lat'>671</span> 
     </span>
     <span class='ocr_line' id='line_1_36' title="bbox 92 3040 870 3117; baseline -0.005 -15"><span class='ocrx_word' id='word_1_232' title='bbox 92 3040 251 3116; x_wconf 71' lang='lat' dir='ltr'>Argivum,</span> <span class='ocrx_word' id='word_1_233' title='bbox 269 3050 386 3100; x_wconf 86' lang='lat' dir='ltr'>vestras</span> <span class='ocrx_word' id='word_1_234' title='bbox 402 3061 471 3117; x_wconf 88' lang='lat' dir='ltr'>spes</span> <span class='ocrx_word' id='word_1_235' title='bbox 487 3043 582 3100; x_wconf 88' lang='lat' dir='ltr'>uritis.</span> <span class='ocrx_word' id='word_1_236' title='bbox 626 3043 681 3111; x_wconf 87' lang='lat' dir='ltr'>En,</span> <span class='ocrx_word' id='word_1_237' title='bbox 698 3061 754 3116; x_wconf 87' lang='lat' dir='ltr'>ogo</span> <span class='ocrx_word' id='word_1_238' title='bbox 770 3049 870 3098; x_wconf 86' lang='lat' dir='ltr'>vester</span> 
     </span>
     <span class='ocr_line' id='line_1_37' title="bbox 91 3121 924 3198; baseline -0.004 -18"><span class='ocrx_word' id='word_1_239' title='bbox 91 3123 243 3180; x_wconf 84' lang='lat' dir='ltr'>Ascanius</span> <span class='ocrx_word' id='word_1_240' title='bbox 254 3121 286 3179; x_wconf 78' lang='lat'>1²²</span> <span class='ocrx_word' id='word_1_241' title='bbox 328 3123 454 3181; x_wconf 82' lang='lat' dir='ltr'>Galeam</span> <span class='ocrx_word' id='word_1_242' title='bbox 470 3129 539 3178; x_wconf 90' lang='lat' dir='ltr'>ante</span> <span class='ocrx_word' id='word_1_243' title='bbox 554 3123 644 3198; x_wconf 89' lang='lat' dir='ltr'>pedes</span> <span class='ocrx_word' id='word_1_244' title='bbox 658 3123 782 3196; x_wconf 85' lang='lat' dir='ltr'>projecit</span> <span class='ocrx_word' id='word_1_245' title='bbox 796 3123 924 3193; x_wconf 67' lang='lat' dir='ltr'>inanem,</span> 
     </span>
    </p>

    <p class='ocr_par' dir='ltr' id='par_1_16' title="bbox 93 3202 767 3275">
     <span class='ocr_line' id='line_1_38' title="bbox 93 3202 767 3275; baseline 0.001 -17"><span class='ocrx_word' id='word_1_246' title='bbox 93 3205 160 3275; x_wconf 77' lang='lat' dir='ltr'>Qua</span> <span class='ocrx_word' id='word_1_247' title='bbox 174 3203 245 3259; x_wconf 86' lang='lat' dir='ltr'>ludo</span> <span class='ocrx_word' id='word_1_248' title='bbox 260 3203 384 3260; x_wconf 90' lang='lat' dir='ltr'>indutus</span> <span class='ocrx_word' id='word_1_249' title='bbox 399 3202 470 3259; x_wconf 90' lang='lat' dir='ltr'>belli</span> <span class='ocrx_word' id='word_1_250' title='bbox 486 3202 648 3259; x_wconf 89' lang='lat' dir='ltr'>simulacra</span> <span class='ocrx_word' id='word_1_251' title='bbox 663 3203 767 3259; x_wconf 89' lang='lat' dir='ltr'>ciebat.</span> 
     </span>
    </p>
   </div>
   <div class='ocr_carea' id='block_1_3' title="bbox 58 3280 1028 3524">
    <p class='ocr_par' dir='ltr' id='par_1_17' title="bbox 58 3280 1028 3524">
     <span class='ocr_line' id='line_1_39' title="bbox 91 3280 1028 3356; baseline -0.001 -15"><span class='ocrx_word' id='word_1_252' title='bbox 91 3283 250 3341; x_wconf 88' lang='lat' dir='ltr'>Accelerat</span> <span class='ocrx_word' id='word_1_253' title='bbox 265 3282 353 3339; x_wconf 86' lang='lat' dir='ltr'>simul</span> <span class='ocrx_word' id='word_1_254' title='bbox 369 3282 499 3351; x_wconf 83' lang='lat' dir='ltr'>Aeneas,</span> <span class='ocrx_word' id='word_1_255' title='bbox 516 3282 604 3337; x_wconf 91' lang='lat' dir='ltr'>simul</span> <span class='ocrx_word' id='word_1_256' title='bbox 621 3283 741 3356; x_wconf 84' lang='lat' dir='ltr'>agmina</span> <span class='ocrx_word' id='word_1_257' title='bbox 758 3280 913 3340; x_wconf 81' lang='lat' dir='ltr'>Teucriam</span> <span class='ocrx_word' id='word_1_258' title='bbox 973 3282 1028 3343; x_wconf 78' lang='grc'>675</span> 
     </span>
     <span class='ocr_line' id='line_1_40' title="bbox 75 3360 924 3441; baseline 0.002 -25"><span class='ocrx_word' id='word_1_259' title='bbox 75 3361 145 3418; x_wconf 80' lang='lat' dir='ltr'>Ast</span> <span class='ocrx_word' id='word_1_260' title='bbox 156 3362 229 3419; x_wconf 81' lang='lat' dir='ltr'>illae</span> <span class='ocrx_word' id='word_1_261' title='bbox 243 3362 369 3422; x_wconf 78' lang='lat' dir='ltr'>divorsa</span> <span class='ocrx_word' id='word_1_262' title='bbox 385 3367 469 3423; x_wconf 87' lang='lat' dir='ltr'>motu</span> <span class='ocrx_word' id='word_1_263' title='bbox 483 3378 538 3441; x_wconf 89' lang='lat' dir='ltr'>per</span> <span class='ocrx_word' id='word_1_264' title='bbox 550 3360 644 3420; x_wconf 87' lang='lat' dir='ltr'>litora</span> <span class='ocrx_word' id='word_1_265' title='bbox 655 3362 774 3437; x_wconf 83' lang='lat' dir='ltr'>passim</span> <span class='ocrx_word' id='word_1_266' title='bbox 918 3366 924 3379; x_wconf 86' lang='lat'>&#39;</span> 
     </span>
     <span class='ocr_line' id='line_1_41' title="bbox 58 3435 877 3524; baseline 0.007 -35"><span class='ocrx_word' id='word_1_267' title='bbox 58 3435 253 3514; x_wconf 73' lang='lat' dir='ltr'>Drngmnt,</span> <span class='ocrx_word' id='word_1_268' title='bbox 273 3443 439 3524; x_wconf 76' lang='lat' dir='ltr'>silvasque</span> <span class='ocrx_word' id='word_1_269' title='bbox 454 3451 487 3505; x_wconf 88' lang='lat' dir='ltr'>et</span> <span class='ocrx_word' id='word_1_270' title='bbox 504 3443 605 3504; x_wconf 89' lang='lat' dir='ltr'>sicubi</span> <span class='ocrx_word' id='word_1_271' title='bbox 619 3459 759 3503; x_wconf 79' lang='lat' dir='ltr'>concava</span> <span class='ocrx_word' id='word_1_272' title='bbox 769 3439 877 3498; x_wconf 69' lang='lat' dir='ltr'>iurum</span> 
     </span>
    </p>
   </div>
   <div class='ocr_carea' id='block_1_4' title="bbox 0 0 1121 3676">
    <p class='ocr_par' dir='ltr' id='par_1_18' title="bbox 0 0 1121 3676">
     <span class='ocr_line' id='line_1_42' title="bbox 0 0 1121 3676; baseline 0 0"><span class='ocrx_word' id='word_1_273' title='bbox 0 0 1121 3676; x_wconf 95' lang='lat' dir='ltr'> </span> 
     </span>
    </p>
   </div>
  </div>
 </body>
</html>
