2204 3676
81 194 124 256 34
358 206 514 254 vunnim
538 205 676 254 11111113
702 207 740 255 11,

77 354 259 431 Limosoquc
274 356 341 412 lacu
354 373 407 431 per
420 362 540 414 noctem
555 357 699 414 obscurus
714 357 744 413 in
760 357 832 415 ulva
964 360 1022 419 135

76 435 199 504 Delitui,
215 436 286 492 dum
303 434 371 492 vela
385 436 499 505 durent,
517 437 542 492 si
558 436 634 492 forte
650 437 811 495 dedissent.

75 514 140 572 Nec
154 514 230 570 mihi
240 516 303 588 jam
317 515 448 587 patriam
463 516 623 590 antiquam
639 532 708 588 spcs
723 516 785 573 ulla
800 515 933 588 videndi,

75 592 139 652 Nec
153 594 254 650 dulces
270 601 358 650 natos
371 599 608 669 exoptatumque
623 601 798 669 parentem;

75 673 158 745 Quos
173 673 217 730 illi
231 673 292 730 fors
307 678 338 729 et
350 689 465 747 poenas
480 673 518 730 ob
533 679 637 730 nostra
650 679 809 748 reposcent

76 751 204 827 Effugia,
220 758 252 810 ct
265 752 384 826 culpam
400 752 478 809 hauc
493 753 671 810 miserorum
687 760 782 813 morte
796 754 931 828 piabunt.
959 757 1016 816 140

75 832 163 904 Quod
176 837 206 888 te
220 849 273 907 per
287 849 412 906 superos
427 837 458 888 et
473 832 594 889 conscia
607 832 732 888 numina
747 833 819 902 veri,

75 909 140 980 Per,
151 911 176 968 si
188 930 248 985 qua
259 917 314 980 est,
325 928 402 986 quae
413 917 508 968 restet
520 910 618 991 adhuc
632 912 811 969 mortalibus
825 930 963 989 usquam,

74 990 258 1048 Intemerata
272 990 354 1060 fides,
371 1008 431 1061 oro,
447 992 587 1048 miserere
602 989 739 1047 laborum

73 1068 255 1144 Tantorum3
276 1071 417 1128 miserere
432 1070 526 1128 animi
541 1087 601 1128 nou
616 1070 709 1144 digna
724 1070 876 1130 ferentis.''

113 1229 172 1287 His
186 1229 319 1287 lacrimis
334 1230 428 1287 vitam
444 1231 558 1301 damus
574 1235 605 1287 et
619 1229 840 1288 miserescimus
854 1230 942 1289 ultro.
957 1233 1012 1291 145

73 1309 143 1384 Ipse
160 1309 223 1366 viro
237 1309 353 1384 primus
369 1311 505 1367 manicas
520 1317 611 1386 atque
628 1316 695 1366 arta
710 1311 805 1367 levari

72 1387 181 1446 Vincla
190 1391 277 1462 jubet
292 1388 440 1460 Priamus,
457 1391 604 1465 dictisque
619 1390 664 1446 ita
679 1391 759 1446 fatur
772 1390 893 1449 aurinis:

72 1469 244 1544 “Quisquis
259 1485 299 1537 ee,
316 1469 444 1526 amissos
460 1469 604 1543 hincjam
621 1469 798 1526 obliviscere
815 1470 942 1528 Graios:

72 1548 184 1605 Noster
197 1549 273 1606 eris:
294 1547 427 1623 mihique
442 1549 517 1606 haec
530 1549 660 1606 edissere
677 1566 748 1606 vera
760 1550 901 1623 roganti3

72 1628 139 1700 Quo
151 1630 259 1686 molem
267 1628 492 1686 hanoimmanis
500 1630 570 1703 equi
580 1634 712 1686 statuere
723 1626 735 1684 ἵ
745 1630 812 1702 quis
822 1626 944 1686 auctor?
958 1631 1013 1689 150

72 1707 189 1780 Quidve
198 1706 324 1784 petunt?
334 1727 410 1782 quae
424 1709 537 1782 religio,
549 1714 601 1764 aut
610 1726 685 1782 quae
695 1708 835 1764 machina
846 1708 915 1766 belli
925 1706 937 1766 1
946 1711 962 1741 ”

72 1787 205 1845 Dixerat.
249 1788 313 1857 Ille,
330 1788 408 1844 dolis
422 1788 589 1844 instructus
601 1793 632 1844 et
647 1795 710 1844 arto
727 1787 867 1862 Pelasga,

73 1865 204 1924 Sustulit
217 1872 324 1924 exutas
339 1866 445 1924 vinclis
460 1867 499 1923 ad
514 1867 614 1924 sidera
627 1867 745 1941 palmas
757 1887 764 1939 3

72 1950 88 1976 “
98 1945 171 2015 Vos,
188 1945 301 2002 aeterni
317 1945 412 2019 ignes,
429 1950 460 2003 et
474 1964 533 2003 non
550 1946 691 2003 violabile
707 1953 842 2003 vestrum

71 2025 178 2083 Testor
192 2027 331 2095 uumen‚’'
346 2026 397 2094 ait,
411 2031 498 2095 “vos,
515 2043 585 2082 arao
600 2044 745 2100 ensesque
762 2026 892 2097 nefandi,
955 2028 1010 2086 155

72 2106 155 2178 Quos
169 2106 241 2180 fugi,
258 2106 412 2179 vittaeque
427 2105 524 2175 derim,
540 2123 617 2181 quas
632 2106 732 2162 hostia
746 2105 844 2179 gessi:

72 2185 132 2242 Fas
146 2186 220 2242 mihi
236 2185 394 2243 Graiorum
409 2193 529 2242 sacrata
542 2185 691 2242 resolvere
701 2187 779 2259 jura,

72 2265 134 2323 Fas
148 2265 247 2322 odisse
264 2265 353 2333 11103,
370 2271 459 2339 atque
474 2265 577 2322 omnia
591 2265 665 2322 ferre
681 2266 738 2322 sub
754 2282 851 2335 auras,

72 2344 104 2402 Si
118 2364 177 2420 qua
191 2349 317 2418 tegunt3
338 2349 442 2400 teneor
455 2345 571 2417 patriae
587 2363 640 2401 nec
655 2345 774 2418 legibus
789 2344 867 2402 ullis,

71 2425 118 2482 Tu
132 2424 220 2481 modo
235 2425 391 2499 promissis
405 2441 538 2494 maneas,
555 2430 737 2499 servataque
748 2441 858 2492 servae,
954 2426 1009 2483 160

71 2505 167 2578 Troja,
184 2504 279 2571 fidem,
296 2504 322 2560 si
337 2521 408 2559 vera
423 2503 525 2573 feram,
542 2503 567 2560 si
583 2521 695 2576 magna
709 2504 880 2577 rependam.

71 2583 178 2640 Omnis
193 2601 263 2658 spes
278 2583 418 2640 Danabm
433 2588 463 2639 et
477 2583 576 2657 coepti
590 2583 698 2640 fiducia
714 2584 784 2639 belli

71 2664 206 2721 Palladis
222 2662 341 2720 auxiliis
357 2680 474 2738 semper
488 2663 582 2720 stetit.
625 2663 743 2736 Impius
758 2681 794 2718 ex
809 2679 868 2736 quo

70 2743 206 2818 Tydides
221 2742 367 2799 sedenim
384 2743 588 2816 scelerumque
604 2743 744 2798 inventor
759 2742 864 2797 Ulixes

71 2824 176 2880 Fatale
192 2822 328 2896 aggressi
343 2827 461 2878 sacrato
477 2821 604 2878 avellere
620 2821 732 2895 templo
956 2821 1010 2878 165

72 2902 249 2964 Palladium,
266 2902 364 2958 caesis
379 2919 515 2957 summae
530 2901 707 2957 custodibus
723 2900 809 2967 111313,

71 2982 247 3056 Corripuere
263 2998 377 3037 sacram
394 2979 531 3053 effigiem,
548 2980 745 3053 manibusque
760 2977 891 3035 cruentis

71 3061 234 3133 Virgineus
250 3060 314 3116 ausi
331 3059 419 3116 divae
435 3060 608 3131 contingere
621 3058 722 3127 vittas,

73 3141 117 3197 dx
133 3141 183 3197 illo
200 3140 287 3195 liuere
303 3157 336 3195 ac
350 3145 430 3195 rotro
445 3138 588 3211 sublapsa
601 3138 703 3194 referri

71 3220 145 3293 Spes
162 3218 310 3286 Dauainn,
326 3218 437 3274 fractae
453 3217 541 3281 virae,
557 3233 665 3273 aversa
679 3217 752 3273 deae
766 3232 860 3272 mens.
955 3217 1011 3277 lto

69 3299 99 3355 N
101 3318 134 3357 ec
150 3299 249 3356 dubiis
263 3315 300 3353 ca
314 3297 403 3370 sigua
417 3295 501 3353 dedit
516 3295 654 3352 Tritonia
668 3296 819 3353 monstris

64 3376 273 3451 prosr'tum
291 3374 402 3435 castris
416 3374 623 3445 simulacrum,
637 3391 736 3433 arsere
751 3389 891 3433 coruscae
966 3454 973 3465 ·
