<?xml version="1.0" encoding="UTF-8"?>
<!DOCTYPE html PUBLIC "-//W3C//DTD XHTML 1.0 Transitional//EN"
    "http://www.w3.org/TR/xhtml1/DTD/xhtml1-transitional.dtd">
<html xmlns="http://www.w3.org/1999/xhtml" xml:lang="en" lang="en">
 <head>
  <title>
</title>
<meta http-equiv="Content-Type" content="text/html;charset=utf-8" />
  <meta name='ocr-system' content='tesseract 3.04.00' />
  <meta name='ocr-capabilities' content='ocr_page ocr_carea ocr_par ocr_line ocrx_word'/>
</head>
<body>
  <div class='ocr_page' id='page_1' title='image "./sixbooksneidvir00virggoog_0044.png"; bbox 0 0 2204 3676; ppageno 0'>
   <div class='ocr_carea' id='block_1_1' title="bbox 360 190 1022 255">
    <p class='ocr_par' dir='ltr' id='par_1_1' title="bbox 360 190 1022 255">
     <span class='ocr_line' id='line_1_1' title="bbox 360 190 1022 255; baseline -0.003 0"><span class='ocrx_word' id='word_1_1' title='bbox 360 202 519 255; x_wconf 78' lang='grc'><strong>11110111</strong></span> <span class='ocrx_word' id='word_1_2' title='bbox 536 203 680 252; x_wconf 75' lang='lat' dir='ltr'>nnuma</span> <span class='ocrx_word' id='word_1_3' title='bbox 706 203 746 251; x_wconf 91' lang='lat'>11.</span> <span class='ocrx_word' id='word_1_4' title='bbox 980 190 1022 253; x_wconf 80' lang='lat'>35</span> 
     </span>
    </p>
   </div>
   <div class='ocr_carea' id='block_1_2' title="bbox 78 355 1021 2101">
    <p class='ocr_par' dir='ltr' id='par_1_2' title="bbox 78 355 906 430">
     <span class='ocr_line' id='line_1_2' title="bbox 78 355 906 430; baseline 0 -16"><span class='ocrx_word' id='word_1_5' title='bbox 78 357 264 414; x_wconf 71' lang='lat' dir='ltr'>huminibus</span> <span class='ocrx_word' id='word_1_6' title='bbox 278 355 418 413; x_wconf 88' lang='lat' dir='ltr'>flammae</span> <span class='ocrx_word' id='word_1_7' title='bbox 433 355 565 424; x_wconf 83' lang='lat' dir='ltr'>arrectis,</span> <span class='ocrx_word' id='word_1_8' title='bbox 582 355 739 430; x_wconf 87' lang='lat' dir='ltr'>salsusque</span> <span class='ocrx_word' id='word_1_9' title='bbox 755 372 808 429; x_wconf 89' lang='lat' dir='ltr'>per</span> <span class='ocrx_word' id='word_1_10' title='bbox 822 360 906 414; x_wconf 87' lang='lat' dir='ltr'>artus</span> 
     </span>
    </p>

    <p class='ocr_par' dir='ltr' id='par_1_3' title="bbox 80 433 826 510">
     <span class='ocr_line' id='line_1_3' title="bbox 80 433 826 510; baseline -0.001 -17"><span class='ocrx_word' id='word_1_11' title='bbox 80 435 178 494; x_wconf 88' lang='lat' dir='ltr'>Sudor</span> <span class='ocrx_word' id='word_1_12' title='bbox 194 437 238 507; x_wconf 86' lang='lat' dir='ltr'>iit,</span> <span class='ocrx_word' id='word_1_13' title='bbox 255 444 359 510; x_wconf 88' lang='lat' dir='ltr'>terque</span> <span class='ocrx_word' id='word_1_14' title='bbox 374 436 442 510; x_wconf 90' lang='lat' dir='ltr'>ipsa</span> <span class='ocrx_word' id='word_1_15' title='bbox 456 435 521 491; x_wconf 92' lang='lat' dir='ltr'>solo</span> <span class='ocrx_word' id='word_1_16' title='bbox 538 433 689 510; x_wconf 87' lang='lat' dir='ltr'>(mirabile</span> <span class='ocrx_word' id='word_1_17' title='bbox 703 436 801 509; x_wconf 90' lang='lat' dir='ltr'>dictu)</span> <span class='ocrx_word' id='word_1_18' title='bbox 822 464 826 479; x_wconf 89' lang='lat'><strong>·</strong></span> 
     </span>
    </p>

    <p class='ocr_par' dir='ltr' id='par_1_4' title="bbox 78 513 1021 669">
     <span class='ocr_line' id='line_1_4' title="bbox 78 513 1021 590; baseline 0.003 -19"><span class='ocrx_word' id='word_1_19' title='bbox 78 516 221 585; x_wconf 82' lang='lat' dir='ltr'><strong>Emicuit,</strong></span> <span class='ocrx_word' id='word_1_20' title='bbox 238 533 433 590; x_wconf 76' lang='lat' dir='ltr'>parmamque</span> <span class='ocrx_word' id='word_1_21' title='bbox 449 514 547 571; x_wconf 80' lang='lat' dir='ltr'>ferens</span> <span class='ocrx_word' id='word_1_22' title='bbox 562 513 742 587; x_wconf 76' lang='lat' dir='ltr'><strong>hastamque</strong></span> <span class='ocrx_word' id='word_1_23' title='bbox 757 520 943 573; x_wconf 87' lang='lat' dir='ltr'>trementem.</span> <span class='ocrx_word' id='word_1_24' title='bbox 966 516 1021 576; x_wconf 81' lang='grc'>115</span> 
     </span>
     <span class='ocr_line' id='line_1_5' title="bbox 79 593 888 669; baseline 0.001 -19"><span class='ocrx_word' id='word_1_25' title='bbox 79 595 242 669; x_wconf 76' lang='lat' dir='ltr'>Extemplo</span> <span class='ocrx_word' id='word_1_26' title='bbox 258 595 405 652; x_wconf 87' lang='lat' dir='ltr'>tentanda</span> <span class='ocrx_word' id='word_1_27' title='bbox 418 594 492 668; x_wconf 87' lang='lat' dir='ltr'>fuga</span> <span class='ocrx_word' id='word_1_28' title='bbox 505 594 586 650; x_wconf 90' lang='lat' dir='ltr'>cauit</span> <span class='ocrx_word' id='word_1_29' title='bbox 600 611 731 668; x_wconf 88' lang='lat' dir='ltr'>aequora</span> <span class='ocrx_word' id='word_1_30' title='bbox 748 593 888 666; x_wconf 81' lang='lat' dir='ltr'>Calchas,</span> 
     </span>
    </p>

    <p class='ocr_par' dir='ltr' id='par_1_5' title="bbox 79 672 826 749">
     <span class='ocr_line' id='line_1_6' title="bbox 79 672 826 749; baseline -0.003 -18"><span class='ocrx_word' id='word_1_31' title='bbox 79 675 107 730; x_wconf 86' lang='lat' dir='ltr'>N</span> <span class='ocrx_word' id='word_1_32' title='bbox 110 693 143 731; x_wconf 91' lang='lat' dir='ltr'>ec</span> <span class='ocrx_word' id='word_1_33' title='bbox 158 693 248 749; x_wconf 86' lang='lat' dir='ltr'>posse</span> <span class='ocrx_word' id='word_1_34' title='bbox 264 673 417 747; x_wconf 76' lang='lat' dir='ltr'><strong>Argolicis</strong></span> <span class='ocrx_word' id='word_1_35' title='bbox 432 673 567 730; x_wconf 83' lang='lat' dir='ltr'><strong>exscindi</strong></span> <span class='ocrx_word' id='word_1_36' title='bbox 584 672 735 746; x_wconf 90' lang='lat' dir='ltr'>Pergama</span> <span class='ocrx_word' id='word_1_37' title='bbox 750 673 826 742; x_wconf 87' lang='lat' dir='ltr'>telis,</span> 
     </span>
    </p>

    <p class='ocr_par' dir='ltr' id='par_1_6' title="bbox 80 753 861 828">
     <span class='ocr_line' id='line_1_7' title="bbox 80 753 861 828; baseline -0.004 -17"><span class='ocrx_word' id='word_1_38' title='bbox 80 754 193 812; x_wconf 89' lang='lat' dir='ltr'>Omina</span> <span class='ocrx_word' id='word_1_39' title='bbox 207 755 238 810; x_wconf 92' lang='lat' dir='ltr'>ni</span> <span class='ocrx_word' id='word_1_40' title='bbox 252 762 390 828; x_wconf 78' lang='lat' dir='ltr'>repetant</span> <span class='ocrx_word' id='word_1_41' title='bbox 406 753 507 826; x_wconf 84' lang='lat' dir='ltr'>Argis,</span> <span class='ocrx_word' id='word_1_42' title='bbox 524 769 692 826; x_wconf 90' lang='lat' dir='ltr'>numenque</span> <span class='ocrx_word' id='word_1_43' title='bbox 709 753 861 823; x_wconf 81' lang='lat' dir='ltr'>reducant,</span> 
     </span>
    </p>

    <p class='ocr_par' dir='ltr' id='par_1_7' title="bbox 81 832 843 908">
     <span class='ocr_line' id='line_1_8' title="bbox 81 832 843 908; baseline 0 -19"><span class='ocrx_word' id='word_1_44' title='bbox 81 835 167 907; x_wconf 82' lang='lat' dir='ltr'>Quod</span> <span class='ocrx_word' id='word_1_45' title='bbox 183 833 291 908; x_wconf 86' lang='lat' dir='ltr'>pelago</span> <span class='ocrx_word' id='word_1_46' title='bbox 306 840 337 890; x_wconf 92' lang='lat' dir='ltr'>et</span> <span class='ocrx_word' id='word_1_47' title='bbox 351 833 453 889; x_wconf 89' lang='lat' dir='ltr'>curvis</span> <span class='ocrx_word' id='word_1_48' title='bbox 468 850 569 889; x_wconf 89' lang='lat' dir='ltr'>secum</span> <span class='ocrx_word' id='word_1_49' title='bbox 584 849 710 888; x_wconf 79' lang='lat' dir='ltr'>avexere</span> <span class='ocrx_word' id='word_1_50' title='bbox 726 832 843 889; x_wconf 85' lang='lat' dir='ltr'>carinis.</span> 
     </span>
    </p>

    <p class='ocr_par' dir='ltr' id='par_1_8' title="bbox 80 911 1021 1225">
     <span class='ocr_line' id='line_1_9' title="bbox 80 911 1021 988; baseline -0.001 -18"><span class='ocrx_word' id='word_1_51' title='bbox 80 913 120 970; x_wconf 83' lang='lat' dir='ltr'>Et</span> <span class='ocrx_word' id='word_1_52' title='bbox 133 930 215 970; x_wconf 87' lang='lat' dir='ltr'>nunc</span> <span class='ocrx_word' id='word_1_53' title='bbox 229 913 308 988; x_wconf 90' lang='lat' dir='ltr'>qnod</span> <span class='ocrx_word' id='word_1_54' title='bbox 322 913 439 988; x_wconf 90' lang='lat' dir='ltr'>patrias</span> <span class='ocrx_word' id='word_1_55' title='bbox 454 918 545 968; x_wconf 89' lang='lat' dir='ltr'>vento</span> <span class='ocrx_word' id='word_1_56' title='bbox 559 912 671 986; x_wconf 88' lang='lat' dir='ltr'>petiere</span> <span class='ocrx_word' id='word_1_57' title='bbox 688 911 844 985; x_wconf 80' lang='lat' dir='ltr'>Mycenas,</span> <span class='ocrx_word' id='word_1_58' title='bbox 965 911 1021 969; x_wconf 87' lang='lat'>180</span> 
     </span>
     <span class='ocr_line' id='line_1_10' title="bbox 80 991 930 1067; baseline -0.002 -18"><span class='ocrx_word' id='word_1_59' title='bbox 80 992 176 1050; x_wconf 86' lang='lat' dir='ltr'>Arma</span> <span class='ocrx_word' id='word_1_60' title='bbox 191 993 320 1067; x_wconf 87' lang='lat' dir='ltr'>deosque</span> <span class='ocrx_word' id='word_1_61' title='bbox 335 998 445 1066; x_wconf 90' lang='lat' dir='ltr'>parant</span> <span class='ocrx_word' id='word_1_62' title='bbox 461 991 596 1059; x_wconf 72' lang='lat' dir='ltr'>comites</span> <span class='ocrx_word' id='word_1_63' title='bbox 611 991 777 1066; x_wconf 82' lang='lat' dir='ltr'>pelagoque</span> <span class='ocrx_word' id='word_1_64' title='bbox 793 1007 930 1047; x_wconf 89' lang='lat' dir='ltr'>remenso</span> 
     </span>
     <span class='ocr_line' id='line_1_11' title="bbox 80 1070 945 1146; baseline -0.003 -18"><span class='ocrx_word' id='word_1_65' title='bbox 80 1072 242 1146; x_wconf 85' lang='lat' dir='ltr'>Improvisi</span> <span class='ocrx_word' id='word_1_66' title='bbox 258 1073 403 1129; x_wconf 90' lang='lat' dir='ltr'>aderunt:</span> <span class='ocrx_word' id='word_1_67' title='bbox 425 1072 470 1128; x_wconf 89' lang='lat' dir='ltr'>ita</span> <span class='ocrx_word' id='word_1_68' title='bbox 484 1071 594 1145; x_wconf 89' lang='lat' dir='ltr'>digerit</span> <span class='ocrx_word' id='word_1_69' title='bbox 609 1070 710 1127; x_wconf 90' lang='lat' dir='ltr'>omina</span> <span class='ocrx_word' id='word_1_70' title='bbox 726 1070 863 1128; x_wconf 73' lang='lat' dir='ltr'>Calchas.</span> <span class='ocrx_word' id='word_1_71' title='bbox 942 1077 945 1084; x_wconf 87' lang='lat'>&#39;</span> 
     </span>
     <span class='ocr_line' id='line_1_12' title="bbox 80 1150 841 1225; baseline -0.004 -17"><span class='ocrx_word' id='word_1_72' title='bbox 80 1152 169 1208; x_wconf 90' lang='lat' dir='ltr'>Hauc</span> <span class='ocrx_word' id='word_1_73' title='bbox 185 1169 239 1225; x_wconf 91' lang='lat' dir='ltr'>pro</span> <span class='ocrx_word' id='word_1_74' title='bbox 255 1152 402 1220; x_wconf 86' lang='lat' dir='ltr'>Palladio,</span> <span class='ocrx_word' id='word_1_75' title='bbox 418 1152 535 1220; x_wconf 88' lang='lat' dir='ltr'>moniti,</span> <span class='ocrx_word' id='word_1_76' title='bbox 552 1168 605 1225; x_wconf 86' lang='lat' dir='ltr'>pro</span> <span class='ocrx_word' id='word_1_77' title='bbox 621 1151 743 1206; x_wconf 88' lang='lat' dir='ltr'>numine</span> <span class='ocrx_word' id='word_1_78' title='bbox 759 1150 841 1206; x_wconf 89' lang='lat' dir='ltr'>laeso</span> 
     </span>
    </p>

    <p class='ocr_par' dir='ltr' id='par_1_9' title="bbox 80 1230 789 1306">
     <span class='ocr_line' id='line_1_13' title="bbox 80 1230 789 1306; baseline -0.001 -19"><span class='ocrx_word' id='word_1_79' title='bbox 80 1230 218 1306; x_wconf 83' lang='lat' dir='ltr'>Effigiem</span> <span class='ocrx_word' id='word_1_80' title='bbox 233 1237 373 1300; x_wconf 89' lang='lat' dir='ltr'>statuere,</span> <span class='ocrx_word' id='word_1_81' title='bbox 391 1232 475 1287; x_wconf 88' lang='lat' dir='ltr'>nefas</span> <span class='ocrx_word' id='word_1_82' title='bbox 491 1249 568 1304; x_wconf 89' lang='lat' dir='ltr'>quae</span> <span class='ocrx_word' id='word_1_83' title='bbox 583 1230 669 1286; x_wconf 85' lang='lat' dir='ltr'>triste</span> <span class='ocrx_word' id='word_1_84' title='bbox 684 1230 789 1303; x_wconf 86' lang='lat' dir='ltr'>piaret.</span> 
     </span>
    </p>

    <p class='ocr_par' dir='ltr' id='par_1_10' title="bbox 79 1308 1020 1465">
     <span class='ocr_line' id='line_1_14' title="bbox 80 1308 1020 1368; baseline 0.001 -1"><span class='ocrx_word' id='word_1_85' title='bbox 80 1311 167 1368; x_wconf 89' lang='lat' dir='ltr'>Hanc</span> <span class='ocrx_word' id='word_1_86' title='bbox 182 1317 285 1367; x_wconf 91' lang='lat' dir='ltr'>tamen</span> <span class='ocrx_word' id='word_1_87' title='bbox 301 1312 479 1367; x_wconf 85' lang='lat' dir='ltr'>immensam</span> <span class='ocrx_word' id='word_1_88' title='bbox 495 1308 624 1367; x_wconf 86' lang='lat' dir='ltr'>Calchas</span> <span class='ocrx_word' id='word_1_89' title='bbox 640 1309 776 1366; x_wconf 86' lang='lat' dir='ltr'>attollere</span> <span class='ocrx_word' id='word_1_90' title='bbox 791 1308 901 1365; x_wconf 89' lang='lat' dir='ltr'>molem</span> <span class='ocrx_word' id='word_1_91' title='bbox 965 1311 1020 1368; x_wconf 81' lang='lat'>185</span> 
     </span>
     <span class='ocr_line' id='line_1_15' title="bbox 79 1389 761 1465; baseline -0.003 -19"><span class='ocrx_word' id='word_1_92' title='bbox 79 1389 250 1448; x_wconf 86' lang='lat' dir='ltr'>Roboribus</span> <span class='ocrx_word' id='word_1_93' title='bbox 265 1392 356 1447; x_wconf 85' lang='lat' dir='ltr'>textis</span> <span class='ocrx_word' id='word_1_94' title='bbox 371 1391 512 1465; x_wconf 90' lang='lat' dir='ltr'>caeloque</span> <span class='ocrx_word' id='word_1_95' title='bbox 528 1390 651 1446; x_wconf 88' lang='lat' dir='ltr'>educere</span> <span class='ocrx_word' id='word_1_96' title='bbox 662 1390 761 1462; x_wconf 87' lang='lat' dir='ltr'>jussit,</span> 
     </span>
    </p>

    <p class='ocr_par' dir='ltr' id='par_1_11' title="bbox 80 1469 801 1545">
     <span class='ocr_line' id='line_1_16' title="bbox 80 1469 801 1545; baseline -0.003 -18"><span class='ocrx_word' id='word_1_97' title='bbox 80 1469 124 1526; x_wconf 88' lang='lat' dir='ltr'>Ne</span> <span class='ocrx_word' id='word_1_98' title='bbox 139 1471 232 1544; x_wconf 83' lang='lat' dir='ltr'>recipi</span> <span class='ocrx_word' id='word_1_99' title='bbox 247 1471 343 1545; x_wconf 89' lang='lat' dir='ltr'>portis</span> <span class='ocrx_word' id='word_1_100' title='bbox 358 1476 411 1527; x_wconf 87' lang='lat' dir='ltr'>aut</span> <span class='ocrx_word' id='word_1_101' title='bbox 426 1470 494 1527; x_wconf 93' lang='lat' dir='ltr'>duci</span> <span class='ocrx_word' id='word_1_102' title='bbox 510 1470 540 1525; x_wconf 91' lang='lat' dir='ltr'>in</span> <span class='ocrx_word' id='word_1_103' title='bbox 556 1469 675 1525; x_wconf 91' lang='lat' dir='ltr'>moenia</span> <span class='ocrx_word' id='word_1_104' title='bbox 689 1475 801 1542; x_wconf 90' lang='lat' dir='ltr'>posset,</span> 
     </span>
    </p>

    <p class='ocr_par' dir='ltr' id='par_1_12' title="bbox 80 1547 777 1625">
     <span class='ocr_line' id='line_1_17' title="bbox 80 1547 777 1625; baseline 0 -19"><span class='ocrx_word' id='word_1_105' title='bbox 80 1547 146 1606; x_wconf 88' lang='lat' dir='ltr'>Neu</span> <span class='ocrx_word' id='word_1_106' title='bbox 160 1551 305 1625; x_wconf 91' lang='lat' dir='ltr'>populum</span> <span class='ocrx_word' id='word_1_107' title='bbox 322 1550 448 1623; x_wconf 90' lang='lat' dir='ltr'>antiqua</span> <span class='ocrx_word' id='word_1_108' title='bbox 463 1550 520 1606; x_wconf 84' lang='lat' dir='ltr'>sub</span> <span class='ocrx_word' id='word_1_109' title='bbox 533 1549 677 1622; x_wconf 84' lang='lat' dir='ltr'>religione</span> <span class='ocrx_word' id='word_1_110' title='bbox 692 1549 777 1606; x_wconf 91' lang='lat' dir='ltr'>tueri.</span> 
     </span>
    </p>

    <p class='ocr_par' dir='ltr' id='par_1_13' title="bbox 80 1627 876 1695">
     <span class='ocr_line' id='line_1_18' title="bbox 80 1627 876 1695; baseline -0.003 -10"><span class='ocrx_word' id='word_1_111' title='bbox 80 1627 159 1686; x_wconf 92' lang='lat' dir='ltr'>Nam</span> <span class='ocrx_word' id='word_1_112' title='bbox 175 1631 200 1685; x_wconf 89' lang='lat' dir='ltr'>si</span> <span class='ocrx_word' id='word_1_113' title='bbox 217 1637 317 1688; x_wconf 86' lang='lat' dir='ltr'>vestra</span> <span class='ocrx_word' id='word_1_114' title='bbox 332 1647 440 1686; x_wconf 91' lang='lat' dir='ltr'>manus</span> <span class='ocrx_word' id='word_1_115' title='bbox 456 1629 601 1686; x_wconf 85' lang='lat' dir='ltr'>violasset</span> <span class='ocrx_word' id='word_1_116' title='bbox 616 1629 695 1685; x_wconf 90' lang='lat' dir='ltr'>dona</span> <span class='ocrx_word' id='word_1_117' title='bbox 710 1629 876 1695; x_wconf 86' lang='lat' dir='ltr'>Minervae,</span> 
     </span>
    </p>

    <p class='ocr_par' dir='ltr' id='par_1_14' title="bbox 80 1706 1021 2101">
     <span class='ocr_line' id='line_1_19' title="bbox 80 1706 1021 1786; baseline 0 -22"><span class='ocrx_word' id='word_1_118' title='bbox 80 1707 155 1765; x_wconf 83' lang='lat' dir='ltr'>Tum</span> <span class='ocrx_word' id='word_1_119' title='bbox 170 1726 316 1783; x_wconf 88' lang='lat' dir='ltr'>magnum</span> <span class='ocrx_word' id='word_1_120' title='bbox 328 1709 454 1766; x_wconf 83' lang='lat' dir='ltr'>exitium</span> <span class='ocrx_word' id='word_1_121' title='bbox 467 1709 563 1786; x_wconf 88' lang='lat' dir='ltr'>(quod</span> <span class='ocrx_word' id='word_1_122' title='bbox 575 1709 604 1765; x_wconf 92' lang='lat' dir='ltr'>di</span> <span class='ocrx_word' id='word_1_123' title='bbox 616 1708 699 1781; x_wconf 89' lang='lat' dir='ltr'>prius</span> <span class='ocrx_word' id='word_1_124' title='bbox 711 1725 798 1764; x_wconf 89' lang='lat' dir='ltr'>omen</span> <span class='ocrx_word' id='word_1_125' title='bbox 810 1708 841 1762; x_wconf 93' lang='lat' dir='ltr'>iu</span> <span class='ocrx_word' id='word_1_126' title='bbox 853 1706 952 1780; x_wconf 90' lang='lat' dir='ltr'>ipsum</span> <span class='ocrx_word' id='word_1_127' title='bbox 966 1707 1021 1764; x_wconf 88' lang='grc'>190</span> 
     </span>
     <span class='ocr_line' id='line_1_20' title="bbox 82 1786 992 1866; baseline -0.005 -21"><span class='ocrx_word' id='word_1_128' title='bbox 82 1787 267 1846; x_wconf 83' lang='lat' dir='ltr'>Convertaut</span> <span class='ocrx_word' id='word_1_129' title='bbox 276 1788 298 1866; x_wconf 96' lang='grc'>1)</span> <span class='ocrx_word' id='word_1_130' title='bbox 333 1789 445 1845; x_wconf 89' lang='lat' dir='ltr'>Priami</span> <span class='ocrx_word' id='word_1_131' title='bbox 457 1789 582 1864; x_wconf 91' lang='lat' dir='ltr'>imperia</span> <span class='ocrx_word' id='word_1_132' title='bbox 595 1787 827 1862; x_wconf 77' lang='lat' dir='ltr'>Phrygibusque</span> <span class='ocrx_word' id='word_1_133' title='bbox 839 1786 973 1842; x_wconf 85' lang='lat' dir='ltr'>futurum</span> <span class='ocrx_word' id='word_1_134' title='bbox 984 1806 992 1858; x_wconf 86' lang='lat'>;</span> 
     </span>
     <span class='ocr_line' id='line_1_21' title="bbox 81 1865 937 1935; baseline -0.005 -11"><span class='ocrx_word' id='word_1_135' title='bbox 81 1865 131 1925; x_wconf 86' lang='lat' dir='ltr'>Sin</span> <span class='ocrx_word' id='word_1_136' title='bbox 146 1870 289 1926; x_wconf 91' lang='lat' dir='ltr'>manibus</span> <span class='ocrx_word' id='word_1_137' title='bbox 306 1869 416 1926; x_wconf 89' lang='lat' dir='ltr'>vestris</span> <span class='ocrx_word' id='word_1_138' title='bbox 431 1874 564 1925; x_wconf 77' lang='lat' dir='ltr'>vestram</span> <span class='ocrx_word' id='word_1_139' title='bbox 580 1867 767 1924; x_wconf 88' lang='lat' dir='ltr'>ascendisset</span> <span class='ocrx_word' id='word_1_140' title='bbox 781 1869 809 1923; x_wconf 91' lang='lat' dir='ltr'>in</span> <span class='ocrx_word' id='word_1_141' title='bbox 826 1866 937 1935; x_wconf 89' lang='lat' dir='ltr'>urbem,</span> 
     </span>
     <span class='ocr_line' id='line_1_22' title="bbox 81 1945 843 2023; baseline -0.003 -20"><span class='ocrx_word' id='word_1_142' title='bbox 81 1945 168 2005; x_wconf 88' lang='lat' dir='ltr'>Ultro</span> <span class='ocrx_word' id='word_1_143' title='bbox 184 1947 293 2005; x_wconf 84' lang='lat' dir='ltr'>Asiam</span> <span class='ocrx_word' id='word_1_144' title='bbox 308 1967 419 2022; x_wconf 87' lang='lat' dir='ltr'>magno</span> <span class='ocrx_word' id='word_1_145' title='bbox 436 1949 567 2023; x_wconf 90' lang='lat' dir='ltr'>Pelopea</span> <span class='ocrx_word' id='word_1_146' title='bbox 582 1947 620 2004; x_wconf 92' lang='lat' dir='ltr'>ad</span> <span class='ocrx_word' id='word_1_147' title='bbox 635 1946 754 2003; x_wconf 88' lang='lat' dir='ltr'>moenia</span> <span class='ocrx_word' id='word_1_148' title='bbox 766 1947 843 2003; x_wconf 89' lang='lat' dir='ltr'>bello</span> 
     </span>
     <span class='ocr_line' id='line_1_23' title="bbox 81 2026 872 2101; baseline -0.005 -16"><span class='ocrx_word' id='word_1_149' title='bbox 81 2026 259 2099; x_wconf 91' lang='lat' dir='ltr'>Venturam,</span> <span class='ocrx_word' id='word_1_150' title='bbox 275 2035 305 2086; x_wconf 93' lang='lat' dir='ltr'>et</span> <span class='ocrx_word' id='word_1_151' title='bbox 320 2035 439 2085; x_wconf 88' lang='lat' dir='ltr'>nostros</span> <span class='ocrx_word' id='word_1_152' title='bbox 454 2047 490 2085; x_wconf 90' lang='lat' dir='ltr'>ca</span> <span class='ocrx_word' id='word_1_153' title='bbox 504 2029 568 2085; x_wconf 82' lang='lat' dir='ltr'>fata</span> <span class='ocrx_word' id='word_1_154' title='bbox 582 2043 702 2084; x_wconf 88' lang='lat' dir='ltr'>manere</span> <span class='ocrx_word' id='word_1_155' title='bbox 718 2031 872 2101; x_wconf 86' lang='lat' dir='ltr'>nepotes.”</span> 
     </span>
    </p>
   </div>
   <div class='ocr_carea' id='block_1_3' title="bbox 79 2182 1021 2496">
    <p class='ocr_par' dir='ltr' id='par_1_15' title="bbox 79 2182 1021 2496">
     <span class='ocr_line' id='line_1_24' title="bbox 118 2182 1021 2263; baseline -0.002 -18"><span class='ocrx_word' id='word_1_156' title='bbox 118 2187 245 2246; x_wconf 86' lang='lat' dir='ltr'>Talibus</span> <span class='ocrx_word' id='word_1_157' title='bbox 260 2188 376 2245; x_wconf 90' lang='lat' dir='ltr'>insidiis</span> <span class='ocrx_word' id='word_1_158' title='bbox 389 2188 558 2263; x_wconf 89' lang='lat' dir='ltr'>perjurique</span> <span class='ocrx_word' id='word_1_159' title='bbox 574 2192 637 2243; x_wconf 86' lang='lat' dir='ltr'>arte</span> <span class='ocrx_word' id='word_1_160' title='bbox 653 2182 775 2241; x_wconf 89' lang='lat' dir='ltr'>Sinonis</span> <span class='ocrx_word' id='word_1_161' title='bbox 966 2187 1021 2246; x_wconf 87' lang='grc'>195</span> 
     </span>
     <span class='ocr_line' id='line_1_25' title="bbox 81 2265 863 2343; baseline -0.003 -18"><span class='ocrx_word' id='word_1_162' title='bbox 81 2267 203 2325; x_wconf 79' lang='lat' dir='ltr'>Credita</span> <span class='ocrx_word' id='word_1_163' title='bbox 217 2286 274 2338; x_wconf 88' lang='lat' dir='ltr'>res,</span> <span class='ocrx_word' id='word_1_164' title='bbox 290 2269 428 2343; x_wconf 89' lang='lat' dir='ltr'>captique</span> <span class='ocrx_word' id='word_1_165' title='bbox 444 2268 521 2324; x_wconf 90' lang='lat' dir='ltr'>dolis</span> <span class='ocrx_word' id='word_1_166' title='bbox 536 2265 726 2338; x_wconf 82' lang='lat' dir='ltr'>lacrimisque</span> <span class='ocrx_word' id='word_1_167' title='bbox 742 2267 863 2338; x_wconf 89' lang='lat' dir='ltr'>coactis,</span> 
     </span>
     <span class='ocr_line' id='line_1_26' title="bbox 81 2345 858 2423; baseline -0.001 -19"><span class='ocrx_word' id='word_1_168' title='bbox 81 2347 161 2418; x_wconf 82' lang='lat' dir='ltr'>Quos</span> <span class='ocrx_word' id='word_1_169' title='bbox 176 2365 272 2423; x_wconf 91' lang='lat' dir='ltr'>neque</span> <span class='ocrx_word' id='word_1_170' title='bbox 288 2348 431 2422; x_wconf 84' lang='lat' dir='ltr'>Tydides,</span> <span class='ocrx_word' id='word_1_171' title='bbox 448 2364 502 2403; x_wconf 92' lang='lat' dir='ltr'>nec</span> <span class='ocrx_word' id='word_1_172' title='bbox 517 2345 698 2403; x_wconf 85' lang='lat' dir='ltr'>Larissaeus</span> <span class='ocrx_word' id='word_1_173' title='bbox 714 2345 858 2417; x_wconf 87' lang='lat' dir='ltr'>Achilles,</span> 
     </span>
     <span class='ocr_line' id='line_1_27' title="bbox 79 2424 836 2496; baseline 0.003 -14"><span class='ocrx_word' id='word_1_174' title='bbox 79 2425 148 2484; x_wconf 89' lang='lat' dir='ltr'>Non</span> <span class='ocrx_word' id='word_1_175' title='bbox 164 2429 236 2485; x_wconf 92' lang='lat' dir='ltr'>anni</span> <span class='ocrx_word' id='word_1_176' title='bbox 252 2429 392 2485; x_wconf 89' lang='lat' dir='ltr'>domuere</span> <span class='ocrx_word' id='word_1_177' title='bbox 408 2427 520 2496; x_wconf 88' lang='lat' dir='ltr'>decem,</span> <span class='ocrx_word' id='word_1_178' title='bbox 536 2443 597 2495; x_wconf 83' lang='lat' dir='ltr'>non</span> <span class='ocrx_word' id='word_1_179' title='bbox 612 2424 693 2481; x_wconf 89' lang='lat' dir='ltr'>mille</span> <span class='ocrx_word' id='word_1_180' title='bbox 708 2425 836 2484; x_wconf 89' lang='lat' dir='ltr'>carinae.</span> 
     </span>
    </p>
   </div>
   <div class='ocr_carea' id='block_1_4' title="bbox 78 2586 1022 3462">
    <p class='ocr_par' dir='ltr' id='par_1_16' title="bbox 79 2586 1022 2819">
     <span class='ocr_line' id='line_1_28' title="bbox 116 2586 892 2661; baseline -0.001 -16"><span class='ocrx_word' id='word_1_181' title='bbox 116 2587 176 2645; x_wconf 91' lang='lat' dir='ltr'>Hic</span> <span class='ocrx_word' id='word_1_182' title='bbox 192 2587 272 2644; x_wconf 87' lang='lat' dir='ltr'>aliud</span> <span class='ocrx_word' id='word_1_183' title='bbox 286 2589 384 2661; x_wconf 89' lang='lat' dir='ltr'>majus</span> <span class='ocrx_word' id='word_1_184' title='bbox 399 2586 516 2643; x_wconf 90' lang='lat' dir='ltr'>miseris</span> <span class='ocrx_word' id='word_1_185' title='bbox 531 2586 686 2660; x_wconf 88' lang='lat' dir='ltr'>multoque</span> <span class='ocrx_word' id='word_1_186' title='bbox 701 2587 892 2644; x_wconf 90' lang='lat' dir='ltr'>tremendum</span> 
     </span>
     <span class='ocr_line' id='line_1_29' title="bbox 80 2663 1022 2741; baseline 0.004 -20"><span class='ocrx_word' id='word_1_187' title='bbox 80 2663 226 2740; x_wconf 76' lang='lat' dir='ltr'>Oineitur</span> <span class='ocrx_word' id='word_1_188' title='bbox 240 2668 347 2740; x_wconf 85' lang='lat' dir='ltr'>magis,</span> <span class='ocrx_word' id='word_1_189' title='bbox 365 2673 454 2741; x_wconf 89' lang='lat' dir='ltr'>atque</span> <span class='ocrx_word' id='word_1_190' title='bbox 471 2666 639 2741; x_wconf 91' lang='lat' dir='ltr'>improvida</span> <span class='ocrx_word' id='word_1_191' title='bbox 653 2671 775 2741; x_wconf 88' lang='lat' dir='ltr'>pectora</span> <span class='ocrx_word' id='word_1_192' title='bbox 790 2667 901 2724; x_wconf 91' lang='lat' dir='ltr'>turbat.</span> <span class='ocrx_word' id='word_1_193' title='bbox 965 2669 1022 2726; x_wconf 80' lang='lat'>200</span> 
     </span>
     <span class='ocr_line' id='line_1_30' title="bbox 79 2743 773 2819; baseline 0 -19"><span class='ocrx_word' id='word_1_194' title='bbox 79 2743 229 2816; x_wconf 79' lang='lat' dir='ltr'>Laocoon,</span> <span class='ocrx_word' id='word_1_195' title='bbox 246 2747 354 2803; x_wconf 90' lang='lat' dir='ltr'>ductus</span> <span class='ocrx_word' id='word_1_196' title='bbox 369 2746 513 2819; x_wconf 86' lang='lat' dir='ltr'>Neptuno</span> <span class='ocrx_word' id='word_1_197' title='bbox 530 2750 609 2802; x_wconf 89' lang='lat' dir='ltr'>sorte</span> <span class='ocrx_word' id='word_1_198' title='bbox 625 2746 773 2815; x_wconf 89' lang='lat' dir='ltr'>sacerdos,</span> 
     </span>
    </p>

    <p class='ocr_par' dir='ltr' id='par_1_17' title="bbox 78 2823 1021 3298">
     <span class='ocr_line' id='line_1_31' title="bbox 80 2823 937 2900; baseline -0.004 -19"><span class='ocrx_word' id='word_1_199' title='bbox 80 2823 246 2883; x_wconf 84' lang='lat' dir='ltr'>Sollemnes</span> <span class='ocrx_word' id='word_1_200' title='bbox 260 2831 382 2882; x_wconf 87' lang='lat' dir='ltr'>taurum</span> <span class='ocrx_word' id='word_1_201' title='bbox 400 2826 554 2900; x_wconf 87' lang='lat' dir='ltr'>ingentem</span> <span class='ocrx_word' id='word_1_202' title='bbox 570 2826 724 2882; x_wconf 87' lang='lat' dir='ltr'>mactabat</span> <span class='ocrx_word' id='word_1_203' title='bbox 739 2825 776 2882; x_wconf 91' lang='lat' dir='ltr'>ad</span> <span class='ocrx_word' id='word_1_204' title='bbox 792 2843 868 2883; x_wconf 89' lang='lat' dir='ltr'>aras.</span> <span class='ocrx_word' id='word_1_205' title='bbox 905 2862 937 2878; x_wconf 80' lang='lat'>..</span> 
     </span>
     <span class='ocr_line' id='line_1_32' title="bbox 79 2903 893 2979; baseline 0.001 -19"><span class='ocrx_word' id='word_1_206' title='bbox 79 2903 155 2962; x_wconf 82' lang='lat' dir='ltr'>Ecce</span> <span class='ocrx_word' id='word_1_207' title='bbox 171 2912 271 2962; x_wconf 90' lang='lat' dir='ltr'>antem</span> <span class='ocrx_word' id='word_1_208' title='bbox 288 2905 399 2978; x_wconf 88' lang='lat' dir='ltr'>gemini</span> <span class='ocrx_word' id='word_1_209' title='bbox 415 2924 433 2961; x_wconf 91' lang='lat' dir='ltr'>a</span> <span class='ocrx_word' id='word_1_210' title='bbox 448 2905 569 2962; x_wconf 81' lang='lat' dir='ltr'>Tenedo</span> <span class='ocrx_word' id='word_1_211' title='bbox 585 2905 748 2979; x_wconf 89' lang='lat' dir='ltr'>tranquilla</span> <span class='ocrx_word' id='word_1_212' title='bbox 762 2922 815 2978; x_wconf 90' lang='lat' dir='ltr'>per</span> <span class='ocrx_word' id='word_1_213' title='bbox 830 2905 893 2961; x_wconf 91' lang='lat' dir='ltr'>alta</span> 
     </span>
     <span class='ocr_line' id='line_1_33' title="bbox 79 2985 845 3060; baseline -0.001 -20"><span class='ocrx_word' id='word_1_214' title='bbox 79 2985 244 3056; x_wconf 88' lang='lat' dir='ltr'>(Horresco</span> <span class='ocrx_word' id='word_1_215' title='bbox 259 2985 405 3060; x_wconf 83' lang='lat' dir='ltr'>referens)</span> <span class='ocrx_word' id='word_1_216' title='bbox 420 2985 576 3041; x_wconf 86' lang='lat' dir='ltr'>immensis</span> <span class='ocrx_word' id='word_1_217' title='bbox 592 2985 714 3041; x_wconf 88' lang='lat' dir='ltr'>orbibus</span> <span class='ocrx_word' id='word_1_218' title='bbox 730 3001 845 3057; x_wconf 85' lang='lat' dir='ltr'>angues</span> 
     </span>
     <span class='ocr_line' id='line_1_34' title="bbox 78 3063 1021 3138; baseline 0.004 -20"><span class='ocrx_word' id='word_1_219' title='bbox 78 3063 261 3121; x_wconf 88' lang='lat' dir='ltr'>Incnnrbnnt</span> <span class='ocrx_word' id='word_1_220' title='bbox 275 3065 394 3138; x_wconf 87' lang='lat' dir='ltr'>pelage,</span> <span class='ocrx_word' id='word_1_221' title='bbox 409 3065 579 3138; x_wconf 90' lang='lat' dir='ltr'>pariterque</span> <span class='ocrx_word' id='word_1_222' title='bbox 596 3065 634 3120; x_wconf 89' lang='lat' dir='ltr'>ad</span> <span class='ocrx_word' id='word_1_223' title='bbox 650 3065 739 3121; x_wconf 90' lang='lat' dir='ltr'>litora</span> <span class='ocrx_word' id='word_1_224' title='bbox 754 3063 899 3135; x_wconf 88' lang='lat' dir='ltr'>tendunt;</span> <span class='ocrx_word' id='word_1_225' title='bbox 965 3066 1021 3122; x_wconf 82' lang='grc'>205</span> 
     </span>
     <span class='ocr_line' id='line_1_35' title="bbox 79 3141 865 3219; baseline -0.003 -18"><span class='ocrx_word' id='word_1_226' title='bbox 79 3141 206 3202; x_wconf 89' lang='lat' dir='ltr'>Pectora</span> <span class='ocrx_word' id='word_1_227' title='bbox 221 3161 347 3219; x_wconf 90' lang='lat' dir='ltr'>qnorum</span> <span class='ocrx_word' id='word_1_228' title='bbox 363 3144 440 3199; x_wconf 89' lang='lat' dir='ltr'>inter</span> <span class='ocrx_word' id='word_1_229' title='bbox 455 3143 562 3199; x_wconf 85' lang='lat' dir='ltr'>fluctus</span> <span class='ocrx_word' id='word_1_230' title='bbox 578 3150 693 3200; x_wconf 89' lang='lat' dir='ltr'>arrecta</span> <span class='ocrx_word' id='word_1_231' title='bbox 703 3143 865 3216; x_wconf 90' lang='lat' dir='ltr'>jubaeque.</span> 
     </span>
     <span class='ocr_line' id='line_1_36' title="bbox 79 3223 893 3298; baseline -0.007 -14"><span class='ocrx_word' id='word_1_232' title='bbox 79 3225 270 3298; x_wconf 78' lang='lat' dir='ltr'>Sanguineas</span> <span class='ocrx_word' id='word_1_233' title='bbox 286 3228 430 3297; x_wconf 86' lang='lat' dir='ltr'>superant</span> <span class='ocrx_word' id='word_1_234' title='bbox 445 3223 550 3291; x_wconf 83' lang='lat' dir='ltr'>undae,</span> <span class='ocrx_word' id='word_1_235' title='bbox 565 3240 636 3296; x_wconf 90' lang='lat' dir='ltr'>pars</span> <span class='ocrx_word' id='word_1_236' title='bbox 652 3229 751 3279; x_wconf 89' lang='lat' dir='ltr'>cetera</span> <span class='ocrx_word' id='word_1_237' title='bbox 766 3229 893 3296; x_wconf 89' lang='lat' dir='ltr'>pontum</span> 
     </span>
    </p>

    <p class='ocr_par' dir='ltr' id='par_1_18' title="bbox 79 3301 866 3377">
     <span class='ocr_line' id='line_1_37' title="bbox 79 3301 866 3377; baseline -0.008 -14"><span class='ocrx_word' id='word_1_238' title='bbox 79 3306 161 3363; x_wconf 90' lang='lat' dir='ltr'>Pone</span> <span class='ocrx_word' id='word_1_239' title='bbox 177 3304 252 3377; x_wconf 91' lang='lat' dir='ltr'>legit</span> <span class='ocrx_word' id='word_1_240' title='bbox 267 3302 427 3375; x_wconf 88' lang='lat' dir='ltr'>sinuatque</span> <span class='ocrx_word' id='word_1_241' title='bbox 442 3302 590 3357; x_wconf 87' lang='lat' dir='ltr'>immensa</span> <span class='ocrx_word' id='word_1_242' title='bbox 605 3301 756 3358; x_wconf 84' lang='lat' dir='ltr'>volumine</span> <span class='ocrx_word' id='word_1_243' title='bbox 772 3306 866 3375; x_wconf 87' lang='lat' dir='ltr'>terga.</span> 
     </span>
    </p>

    <p class='ocr_par' dir='ltr' id='par_1_19' title="bbox 78 3381 962 3462">
     <span class='ocr_line' id='line_1_38' title="bbox 78 3381 962 3462; baseline -0.005 -19"><span class='ocrx_word' id='word_1_244' title='bbox 78 3385 129 3460; x_wconf 77' lang='lat' dir='ltr'>Fit</span> <span class='ocrx_word' id='word_1_245' title='bbox 143 3384 261 3441; x_wconf 84' lang='lat' dir='ltr'>sonitus</span> <span class='ocrx_word' id='word_1_246' title='bbox 273 3386 433 3455; x_wconf 85' lang='lat' dir='ltr'>spumante</span> <span class='ocrx_word' id='word_1_247' title='bbox 448 3381 523 3440; x_wconf 90' lang='lat' dir='ltr'>salo.</span> <span class='ocrx_word' id='word_1_248' title='bbox 566 3381 587 3442; x_wconf 83' lang='lat' dir='ltr'>J</span> <span class='ocrx_word' id='word_1_249' title='bbox 591 3400 701 3462; x_wconf 90' lang='lat' dir='ltr'>amque</span> <span class='ocrx_word' id='word_1_250' title='bbox 713 3399 791 3443; x_wconf 81' lang='lat' dir='ltr'>arra</span> <span class='ocrx_word' id='word_1_251' title='bbox 798 3381 962 3453; x_wconf 63' lang='lat' dir='ltr'>tenebam,</span> 
     </span>
    </p>
   </div>
   <div class='ocr_carea' id='block_1_5' title="bbox 0 0 1106 3676">
    <p class='ocr_par' dir='ltr' id='par_1_20' title="bbox 0 0 1106 3676">
     <span class='ocr_line' id='line_1_39' title="bbox 0 0 1106 3676; baseline 0 0"><span class='ocrx_word' id='word_1_252' title='bbox 0 0 1106 3676; x_wconf 95' lang='lat' dir='ltr'> </span> 
     </span>
    </p>
   </div>
  </div>
 </body>
</html>
