2204 3676
367 199 527 250 vnsornr
550 199 687 249 nnnnrs
712 201 736 250 1.
981 191 1021 252 21

77 349 222 425 Rupibus
233 349 387 420 excidunt,
403 351 520 408 scaenis
535 351 644 409 decora
659 352 723 410 alta
737 353 856 411 futuris.

79 429 187 501 Qualis
203 446 276 506 apes
291 434 408 486 aestate
423 448 503 487 nova
516 448 570 505 per
584 430 675 489 florea
690 436 772 488 rura'
833 506 835 511 Α
965 437 1021 493 430

78 508 208 565 Exercet
223 509 280 566 sub
296 509 358 566 sole
373 508 466 580 labor,
482 528 574 585 quum
590 512 690 585 gentis
706 512 834 570 adultos*

79 587 223 644 Educunt
237 589 326 658 fetus,
343 594 395 644 aut
410 606 502 663 quum
517 590 664 664 liquentia
679 591 769 647 mella

79 665 203 742 Stipant
218 674 249 725 et
263 666 343 724 dulci
358 667 536 725 distendunt
550 675 670 726 nectare
686 671 785 740 cellas,

79 747 148 803 Aut
162 764 253 803 onera
269 747 419 822 accipiunt
434 749 617 818 venientum,
635 757 688 806 aut
703 751 824 824 agmine
838 752 919 810 facto

24 862 28 867 -
80 825 233 899 Ignavum
248 826 332 883 fucos
346 829 679 903 pecusapraesepibus
695 837 815 904 arcont3
964 831 1021 890 435

80 906 194 963 Fervet
208 922 292 980 opuS,
305 905 501 998 redolentque
516 907 625 982 thymo
641 909 776 981 fragrant
764 910 808 966 tia
822 910 920 968 mella.

82 983 138 1042 “0
154 984 212 1040 fort
200 985 308 1054 tunati,
325 1001 450 1076 quorum
461 987 525 1059 jani
540 987 659 1043 moenia
673 995 803 1063 surgunt
813 988 819 1046 1
829 991 845 1021 ''

81 1063 262 1122 Aeneast
218 1070 302 1132 arte
286 1064 400 1121 ettfas
379 1065 456 1138 trgia
470 1066 598 1140 suspicit
612 1067 702 1124 urbis.

80 1143 178 1201 Infert
192 1161 223 1200 se
239 1149 343 1218 septus
358 1145 468 1202 nebula
484 1146 636 1219 (mirabile
652 1146 714 1203 dict
702 1147 748 1218 tu)

81 1224 142 1281 Per
155 1223 279 1293 medios,
295 1223 401 1280 miscet
402 1241 459 1299 que
475 1226 557 1295 viris,
573 1244 669 1302 neque
684 1227 778 1283 cernit
780 1245 815 1284 ur
766 1228 891 1285 tulli.
965 1231 1022 1285 440
1057 1302 1061 1308 η

122 1382 225 1440 Lucus
240 1383 272 1439 in
287 1384 358 1440 urbe
374 1383 431 1441 fuit
445 1385 553 1453 media,
568 1386 754 1446 laetissimus
769 1388 901 1456 umbrae,

84 1463 152 1535 Quo
166 1463 308 1536 primum,
319 1463 427 1537 jactati
442 1465 533 1520 undis
548 1470 577 1521 et
592 1465 720 1536 turbine,
738 1466 833 1522 Poeni

83 1542 222 1600 Effodere
238 1542 303 1599 loco
319 1544 448 1617 signum,
466 1544 546 1618 quod
562 1545 645 1618 regia
659 1544 680 1602 J
683 1561 742 1601 uno

81 1621 281 1692 Monstrarat,
296 1629 386 1697 caput
401 1624 477 1680 acris
492 1623 578 1697 equi:
602 1624 645 1681 sic
660 1642 730 1680 nem
746 1625 808 1681 fore
822 1625 901 1682 bello

82 1701 249 1775 Egregiam
264 1707 295 1759 et
309 1703 427 1774 facilem
443 1703 525 1759 victu
540 1721 592 1777 per
607 1704 727 1760 saccula
741 1713 870 1777 gentem.
964 1707 1021 1762 445

82 1781 144 1838 Hic
158 1781 305 1856 templum
320 1782 341 1840 J
344 1782 435 1838 unoni
451 1783 559 1855 ingens
576 1782 702 1841 Sidonia
719 1784 799 1841 Dido

83 1861 251 1931 Condebat,
267 1861 354 1918 donis
370 1862 544 1936 opulentum
560 1867 590 1918 et
604 1862 727 1919 numine
743 1864 838 1932 divae,

84 1939 185 1999 Aenea
199 1941 248 1998 cui
262 1941 407 2015 gradibus
422 1943 588 2015 surgebant
602 1943 714 2012 limina,
731 1961 883 2017 nexaeque
962 1974 1022 1984 —-

84 2020 164 2077 Aere
180 2020 291 2091 trabes,
307 2021 420 2078 foribus
435 2022 524 2079 cardo
540 2022 688 2079 stridebat
703 2023 792 2087 aenis,

83 2099 153 2156 Hoc
168 2099 297 2174 primum
312 2101 343 2156 in
357 2100 424 2157 luco
439 2119 519 2158 nova
533 2119 582 2158 res
597 2102 698 2158 oblata
712 2102 850 2158 timorem
966 2105 1022 2158 450

85 2178 198 2248 Leniit,
214 2178 263 2236 hic
276 2180 407 2253 primum
424 2181 546 2237 Aeneas
561 2199 679 2255 sperare
695 2182 822 2238 salutem

84 2258 200 2328 Ausus,
215 2262 246 2315 et
261 2258 376 2315 afflictis
391 2259 498 2317 melius
513 2262 658 2318 confidere
673 2262 779 2319 rebus:

84 2337 224 2412 Namque
239 2339 294 2394 sub
309 2339 425 2411 ingenti
439 2340 549 2397 lustrat
563 2341 634 2398 dum
650 2341 769 2414 singula
783 2341 905 2415 templo,

84 2417 238 2490 Reginam
254 2420 418 2492 opperiens
434 2419 514 2489 dum,
530 2438 606 2494 quae
622 2420 742 2477 fortuna
757 2420 797 2477 sit
812 2421 886 2489 urbi,
1085 2478 1087 2483 .

85 2495 304 2570 Artificumque
318 2515 425 2554 manus
440 2499 518 2554 inter
532 2517 564 2556 se
580 2518 760 2574 operumque
775 2500 908 2557 laborem
965 2502 1021 2556 455

83 2574 223 2645 Miratur,
240 2576 324 2633 videt
338 2577 448 2633 Iliacas
462 2594 500 2633 ex
515 2579 618 2635 ordine
632 2597 752 2654 pugnas

83 2653 252 2729 Bellaquej
256 2673 305 2711 arn
320 2655 400 2712 fania
414 2662 512 2712 totum
529 2658 655 2731 vulgate
670 2677 721 2732 per
736 2659 846 2729 orbem,

83 2732 222 2804 Atridae,
238 2734 459 2810 Priamumque,
475 2741 506 2792 et
521 2754 645 2793 saevum
668 2739 814 2794 ambobus
829 2705 989 2797 Achillem.

84 2813 243 2883 Constitit,
280 2820 311 2870 et
299 2813 548 2900 tlaorimans‘
553 2817 688 2891 ‘Quisj
693 2835 740 2873 am
778 2817 886 2874 locus''
924 2817 1022 2889 ἱιι(ιιι

204 2892 413 2962 “Achate,

83 2971 169 3044 Quae
184 2988 268 3044 regio
283 2990 314 3027 in
328 2977 417 3028 euris
432 2979 501 3030 nos
503 2991 527 3029 ιι
542 2993 602 3031 non
616 2976 706 3050 plena
719 2973 852 3032 laboris?
964 2979 1021 3035 460

81 3049 132 3106 Ειι
148 3049 303 3108 Priamus!
340 3050 418 3108 Sunt
432 3051 479 3108 hio
494 3054 586 3110 etiam
601 3072 656 3110 sua
671 3056 806 3129 praemia
821 3055 923 3127 laudi;

83 3129 164 3186 Sunt
178 3129 320 3187 lacrimae
335 3147 441 3199 rerum,
458 3137 488 3187 et
502 3138 634 3188 mentem
650 3134 789 3190 mortalia
803 3140 942 3208 tangunt.

82 3208 174 3266 Solve
185 3214 306 3266 metus·
299 3253 307 3283 ,
321 3210 396 3266 feret
410 3209 485 3266 haec
500 3211 659 3285 aliquamt
647 3212 702 3268 tibi
718 3213 798 3268 fama
813 3213 971 3270 saluteni.”

82 3287 133 3345 sic
149 3287 202 3358 ait,
219 3294 308 3364 atque
324 3288 457 3345 animum
472 3290 590 3363 pictura
604 3292 702 3363 pascit
716 3291 808 3361 inani,

12 3412 23 3506 ι
80 3366 184 3425 Multa
196 3385 329 3442 gemens,
340 3367 486 3445 largoque
501 3369 662 3432 humectat
675 3371 802 3434 flumine
815 3373 952 3433 nultum.
978 3373 1037 3428 libb
