2204 3676
100 184 143 248 54
369 196 528 247 ruamur
553 195 691 244 enarre
715 195 771 243 111.

101 348 212 423 Linqui
228 348 377 423 pollutum
391 347 565 421 hospitium,
577 351 608 402 et
622 346 693 403 dare
705 346 853 404 classibus
865 352 994 408 austros,

102 426 184 503 Ergo
199 429 404 485 instauramus
419 426 572 501 Polydoro
587 426 685 495 funus
701 431 732 482 ct
746 426 855 501 ingens

102 508 270 582 Aggeritur
283 506 400 563 tumulo
414 506 522 577 tellus;
544 510 628 561 stant
643 504 787 562 Manibus
802 523 879 575 arae,

103 587 257 645 Caeruleis
272 590 406 642 maestae
421 584 508 640 vittis
523 590 647 659 atraque
663 602 814 658 cupresso,

103 667 145 724 Et
159 667 270 723 circum
286 664 398 720 Iliades
412 665 523 721 crinem
540 664 576 720 dc
592 680 673 720 more
689 665 825 739 solutae;
1009 673 1043 731 65

103 745 266 802 Inferimus
280 743 384 818 tepido
400 743 575 817 spumantia
589 744 710 817 cymbia
724 743 802 801 laete

106 824 270 898 Sanguinis
284 829 315 880 et
329 823 407 878 sacri
421 828 551 895 pateras,
569 822 759 898 animamque
775 822 933 899 sepulchro

106 904 281 974 Condimus,
297 908 328 959 et
342 919 454 976 magna
469 919 642 976 supremum
657 919 729 960 voce
744 903 866 962 ciemua

144 1063 230 1132 Inde,
245 1062 297 1119 ubi
310 1060 408 1136 prima
423 1059 495 1117 fides
509 1060 626 1135 pelago,
642 1060 820 1137 placataque
835 1061 919 1119 venti

106 1142 191 1200 Dant
205 1143 308 1211 maria,
324 1146 355 1197 et
368 1140 444 1197 lenis
459 1141 609 1215 crepitans
620 1146 710 1198 vocat
724 1148 826 1198 auster
839 1141 872 1198 in
887 1141 995 1210 altum,
1009 1146 1045 1208 ’το

107 1222 271 1280 Deduount
285 1220 357 1277 socii
372 1237 467 1276 navos
481 1226 512 1276 et
526 1220 615 1277 litora
629 1221 787 1295 complent.

107 1301 308 1359 Provehimur
321 1305 417 1374 portu,
433 1304 591 1375 terraeque
605 1300 755 1374 urbesque
769 1299 922 1357 recedunt.

109 1381 201 1438 Sacra
215 1379 291 1435 mari
306 1378 414 1435 colitur
427 1380 527 1436 medio
542 1379 716 1453 gratissima
730 1378 821 1437 tellus

108 1460 272 1518 Nereidum
286 1458 375 1515 matri
389 1464 420 1514 et
434 1457 576 1532 Neptuno
592 1458 726 1532 Aegaeo,

110 1541 208 1614 Qpam
223 1539 291 1613 pius
307 1537 494 1607 Arcitenens,
512 1555 580 1595 oras
595 1544 625 1594 ct
639 1538 729 1595 litora
743 1537 854 1596 circum
1011 1543 1049 1607 75

110 1621 279 1687 Errantem,
295 1617 425 1692 Mycono
440 1635 456 1674 e
471 1618 552 1674 celsa
567 1619 728 1692 Gyaroque
742 1618 883 1689 revinxit,

109 1697 332 1772 Immotamque
348 1697 404 1753 coli
419 1697 503 1754 dedit
516 1703 547 1753 et
561 1704 750 1754 contemnere
765 1704 890 1755 ventos:
915 1741 918 1745 -

110 1778 181 1836 Huc
195 1777 293 1849 feror;
315 1776 389 1832 haec
404 1777 500 1833 fessos
516 1783 583 1833 tuto
597 1777 803 1852 placidissima
817 1782 907 1852 portu

110 1857 239 1932 Accipit.
282 1855 407 1929 Egressi
422 1874 601 1912 veneramur
615 1856 766 1931 Apollinis
781 1857 891 1914 urbem.

111 1937 180 1994 Rex
192 1935 301 2004 Anius,
316 1952 368 1990 rex
383 1935 461 1991 idem
479 1935 635 1992 hominum
654 1935 826 2010 Phoebique
846 1935 996 2006 sacerdos,
1010 1942 1052 2001 80

111 2016 209 2072 Vittis
223 2020 254 2071 et
269 2032 353 2070 sacra
367 2015 525 2072 redimitus
540 2020 677 2088 tempora
691 2016 784 2085 lauro,

112 2094 267 2167 Occurrit3
289 2099 421 2150 voterem
437 2094 592 2151 Anchisen
608 2095 734 2168 agnovit
749 2094 886 2152 enricum.

110 2175 275 2250 dungimus
290 2173 421 2247 hospitio
436 2174 565 2245 dextras
580 2180 611 2230 et
624 2180 705 2231 tecta
718 2175 861 2232 subimus.

152 2333 279 2408 Templa
294 2331 342 2389 dci
357 2349 430 2389 saxo
445 2334 612 2391 venerabar
626 2339 741 2391 structo
755 2338 895 2407 vetust03

114 2418 131 2445 “
141 2414 190 2472 Da
200 2413 361 2489 propriam,
370 2412 570 2487 Thymbraee,
579 2412 719 2470 domum!
735 2412 1004 2471 Damoeniafessis
1012 2416 1052 2475 85

112 2493 154 2552 Et
169 2510 264 2568 genus
279 2499 309 2548 et
324 2510 497 2548 mansuram
512 2494 617 2550 urbem
630 2491 636 2550 l
674 2493 768 2550 Serva
783 2493 879 2550 altera
894 2491 1001 2566 Trojae

114 2573 273 2647 Pergama,
289 2571 430 2646 reliquias
446 2572 587 2628 Donadm
604 2577 692 2646 atque
707 2573 835 2628 immitis
851 2571 972 2629 Achilli.

114 2654 211 2725 Quem
227 2649 401 2726 sequimur?
424 2669 521 2725 quove
536 2653 578 2709 ire
588 2652 684 2726 jubes,
700 2651 751 2708 ubi
766 2669 875 2725 ponere
891 2649 1000 2709 sedes?

115 2732 171 2802 Da,
187 2735 282 2805 pater,
298 2729 467 2804 augurium,
481 2737 568 2806 atque
585 2731 693 2788 animis
708 2731 830 2787 illabere
845 2731 957 2787 nostris
970 2730 1002 2788 l”

113 2812 177 2868 Vix
189 2829 225 2867 ea
239 2811 320 2866 satus
335 2826 416 2865 eram
431 2829 437 2882 ;
458 2815 583 2867 tremere
599 2812 699 2867 onmia
713 2811 780 2866 visa
795 2815 927 2883 repente,
1014 2810 1054 2869 90

114 2891 295 2964 Liminaque
309 2888 470 2962 laurusque
486 2890 542 2958 dci,
558 2896 699 2964 totusque
715 2890 829 2946 moveri

113 2969 204 3027 Mons
219 2970 339 3038 circum,
356 2975 387 3024 et
401 2967 516 3040 mugire
533 2970 635 3043 adytis
650 2970 765 3025 cortina
779 2968 911 3026 reclusis.

115 3049 275 3106 Summissi
289 3049 421 3124 petimus
436 3052 557 3118 terram,
574 3055 604 3105 et
619 3066 677 3105 vox
693 3049 786 3104 fertur
802 3049 839 3105 ad
856 3064 960 3104 aures:

115 3134 131 3160 “
144 3128 334 3185 Dardanidae
350 3127 425 3197 duri,
442 3145 518 3201 quac
534 3145 588 3184 vos
604 3147 621 3184 a
636 3128 728 3201 stirpe
742 3134 901 3202 parentum

114 3208 219 3265 Prima
234 3207 304 3263 tulit
318 3208 417 3275 telluS,
433 3206 539 3263 eadem
555 3224 609 3263 vos
624 3207 712 3263 ubere
727 3207 806 3263 laeto
1015 3206 1054 3266 95

114 3287 253 3359 Accipiet
268 3286 399 3342 reduces.
443 3285 610 3361 Antiquam
626 3286 771 3362 exquirite
786 3291 921 3344 matrem.

103 3365 169 3422 Hic
183 3366 295 3424 domus
308 3365 435 3425 Aeneae
451 3366 568 3426 cunctis
583 3366 788 3424 dominabitur
802 3366 871 3436 oris,
