2204 3676
98 153 136 216 90
373 169 531 216 rnatum
556 170 694 218 Annius
718 170 770 219 ιν.

94 315 252 376 Lamentis
266 319 439 394 gemituque
454 326 485 378 et
499 320 629 378 femineo
643 321 760 380 ululatu

94 395 186 454 Tecta
201 399 349 471 fremunt;
371 406 493 456 resonat
507 402 627 474 magnis
641 400 837 476 plangoribus
853 399 964 470 aether,

92 475 122 532 N
125 494 163 532 on
179 477 265 534 aliter
280 496 369 552 quam
385 479 410 534 si
428 479 573 536 immissis
587 486 656 536 ruat
671 480 809 536 hostibus
824 479 922 536 omnis

93 554 247 630 Carthago
263 564 315 613 aut
330 558 455 632 antiqua
470 558 575 631 Tyros,
592 559 788 633 flammaeque
804 559 938 615 furentes
973 560 1033 620 670

93 633 235 692 Culmina
249 654 360 710 perque
375 636 529 693 hominum
547 638 707 695 volvantur
721 655 831 714 perque
845 638 980 696 deorum.

91 713 201 771 Audiit
215 715 373 785 exanimis,
389 716 564 791 trepidoque
580 717 722 774 exterrita
737 734 834 786 cursu,

92 792 254 868 Unguibus
270 812 322 851 ora
337 812 420 852 soror
434 795 558 852 foedans
573 802 604 852 et
619 804 740 870 pectora
754 797 875 872 pugnis,

92 872 152 929 Per
166 874 282 930 medios
296 875 365 943 ruit,
382 893 417 931 aa
431 875 609 932 morientem
625 876 743 933 nomine
759 875 886 933 clamat:

92 956 109 982 “
120 951 187 1010 Hoc
202 953 284 1022 illud,
301 972 454 1028 germana,
470 953 550 1011 fuit?
572 973 620 1011 me
636 955 739 1012 fraude
752 956 877 1031 petebas
895 950 908 1011 l
972 955 1030 1014 6ῖὸ

92 1030 159 1089 Hoc
173 1050 267 1106 rogus
281 1033 338 1090 iste
353 1033 436 1102 mihi,
453 1032 508 1090 hoc
523 1034 610 1107 ignes
625 1053 752 1109 araeque
767 1029 938 1111 parabant?

92 1111 173 1183 Quid
188 1113 317 1186 primum
333 1114 452 1169 deserta
467 1111 595 1187 querar?
617 1115 796 1171 comitemne
814 1129 947 1169 sororem

92 1189 241 1264 Sprevisti
255 1191 410 1249 moriens?
453 1193 569 1249 Eadem
585 1210 632 1248 mc
649 1194 686 1250 ad
702 1193 765 1249 fata
779 1208 939 1264 v.ocasses;

90 1268 176 1327 Idem
192 1271 296 1328 ambas
311 1272 386 1328 ferro
402 1271 487 1328 dolor
502 1277 592 1346 atque
607 1273 712 1329 eadem
728 1272 801 1328 hora
815 1268 954 1328 tulissetl

91 1349 151 1406 His
166 1351 257 1407 etiam
274 1351 370 1406 struxi
385 1351 533 1419 manibus,
549 1352 721 1426 patriosque
736 1350 841 1408 vocavi
971 1351 1030 1407 680

91 1427 172 1486 Voce
188 1431 268 1498 deca,
284 1429 327 1486 sio
341 1435 370 1486 te
385 1436 420 1486 ut
434 1431 541 1503 posita,
558 1431 693 1501 crudelis,
710 1427 867 1487 abessem?

90 1507 244 1566 Exstinxti
259 1514 288 1565 te
304 1527 418 1584 meque,
435 1526 527 1579 soror,
543 1511 746 1584 populumque
760 1517 921 1584 patresque

91 1587 231 1646 Sidonios
245 1590 407 1663 urbemque
424 1595 515 1646 tuam.
561 1589 648 1657 Date,
665 1589 789 1646 vulnera
803 1586 937 1663 lymphis
968 1631 971 1637 .

90 1668 233 1737 Abluam,
249 1674 288 1738 et,
303 1675 456 1725 extremus
471 1669 496 1724 si
511 1668 579 1743 quis
594 1685 683 1743 super
697 1668 809 1725 halitus
823 1671 913 1734 errat,

90 1746 149 1804 Orc
164 1748 293 1821 leganr.'’
335 1748 384 1805 Sic
398 1748 462 1804 sata
477 1749 590 1822 gradus
604 1752 744 1805 evaserat
759 1748 845 1816 altos,
969 1746 1027 1803 685

90 1824 361 1901 semianimemque
378 1828 445 1884 sinn
461 1845 638 1901 germanam
654 1828 792 1902 amplexa
806 1825 930 1883 fovebat

90 1905 169 1963 Cum
184 1907 307 1979 gemitu,
323 1912 411 1980 atque
428 1912 508 1963 atros
524 1907 656 1963 siccabat
669 1913 753 1963 veste
768 1923 894 1965 cruores.

89 1984 155 2054 Illa,
172 2003 280 2059 graves
296 1985 397 2041 oculos
413 1991 521 2042 conata
537 1986 682 2055 attollere,
698 2003 801 2042 rursus

89 2064 215 2137 Deficit;
237 2064 361 2120 infixum
377 2065 478 2120 stridit
493 2065 549 2121 sub
564 2072 682 2140 pectore
698 2065 815 2123 vulnus

90 2144 148 2200 Ter
163 2161 227 2200 sese
244 2143 385 2199 attollens
400 2143 560 2218 cubitoque
576 2144 685 2201 annixa
699 2144 831 2217 levavit3
967 2151 1027 2208 690

89 2222 148 2279 Ter
161 2223 378 2283 revoluta.toro
393 2228 448 2292 cst,
467 2224 619 2297 oculisque
635 2224 805 2280 errantibus
821 2217 893 2298 alto⁴

90 2302 248 2376 Quaesivit
264 2303 345 2360 caelo
360 2302 466 2373 lucem,
482 2303 690 2378 ingemuitque
705 2309 830 2377 reporta.

129 2461 206 2518 Turn
222 2463 243 2520 J
245 2480 304 2519 uno
320 2461 518 2536 omnipotens
535 2462 658 2536 longum
673 2461 816 2519 miserata
830 2462 964 2522 dolorem

89 2539 290 2616 Difficilesque
306 2542 416 2612 obitus,
433 2543 507 2598 Irim
523 2542 643 2599 demisit
659 2539 797 2616 Olyrnp0,

90 2621 174 2693 Quae
189 2622 352 2678 luctantem
369 2622 499 2677 animam
515 2638 667 2695 nexosque
682 2621 845 2677 resolveret
859 2627 951 2681 artus.
966 2626 1023 2683 695

89 2699 119 2757 N
122 2719 170 2756 arn
185 2701 255 2775 quia
270 2718 324 2756 nco
339 2699 411 2768 fata,
429 2700 536 2756 merita
551 2719 605 2757 nea
620 2707 715 2757 morte
730 2701 854 2774 peribat,

92 2779 151 2837 Sed
166 2781 276 2837 misaca
292 2785 360 2835 ante
376 2780 464 2848 diem,
482 2780 639 2854 subit-oque
656 2797 780 2835 accensa
795 2779 902 2850 furore,

89 2858 230 2916 Nondum
247 2860 290 2915 illi
305 2859 417 2915 flavum
433 2859 613 2933 Proserpina
628 2858 737 2915 vertice
753 2859 863 2915 crinem

89 2940 275 3008 Abstulerat,
293 2938 461 3012 Stygioque
477 2945 567 3011 caput
582 2939 779 2994 damnaverat
795 2937 879 2995 Orco.

89 3017 172 3091 Ergo
186 3019 244 3076 Iris
259 3019 369 3075 croceis
384 3035 437 3092 per
451 3018 567 3074 caclurn
582 3018 700 3074 roscida
713 3017 828 3092 pennis,
965 3019 1022 3079 700

89 3097 173 3154 Mille
188 3098 312 3154 trahens
328 3098 427 3154 varios
443 3098 569 3154 adverso
585 3097 646 3154 sole
662 3097 783 3165 colores,

89 3176 229 3244 Devolat,
245 3183 275 3232 et
291 3194 381 3251 supra
396 3182 486 3251 caput
501 3176 638 3233 adstitit:
662 3183 677 3206 ‘³
690 3176 782 3233 Hunc
795 3193 853 3251 ego
868 3175 936 3234 Diti

91 3255 216 3314 Sacrum
233 3257 319 3330 jussa
334 3256 404 3324 fero,
420 3262 509 3329 teque
525 3256 584 3312 isto
599 3273 720 3330 corpore
735 3256 850 3326 solvo,’'

76 3334 134 3389 Sic
147 3337 198 3402 ait,
217 3341 249 3391 et
263 3335 372 3393 dextra
387 3335 500 3392 crinein
516 3340 615 3392 secat:
637 3335 735 3392 omnis
749 3342 780 3392 ct
793 3351 855 3393 una

58 3405 218 3484 Dr‘lapsus
230 3415 326 3488 calor,
346 3423 443 3495 atque
457 3417 490 3477 in
507 3422 619 3476 ventos
632 3413 849 3474 altercabant.
967 3415 1025 3475 ibt
