2204 3676
360 221 517 271 vraemr
540 219 680 267 aruris
704 219 739 268 v.
971 202 1013 268 93

77 370 121 429 Et
134 372 250 446 patrios
264 372 369 446 epulis,
384 376 415 428 et
429 389 504 447 quos
519 370 590 428 colit
604 370 714 444 hospes
726 369 862 427 Acestes.

78 451 250 520 Praeterea,
266 453 292 507 si
307 468 387 507 nona
401 451 481 507 diem
497 449 675 506 mortalibus
692 451 804 505 almum

78 531 198 586 Aurora
212 530 353 587 extulerit
366 530 518 604 radiisque
534 529 675 585 retexerit
690 529 800 597 orbem,
976 528 1012 586 65

79 608 182 665 Prima
195 610 272 665 citae
288 609 411 665 Teucris
426 626 538 682 ponam
552 608 718 665 certamina
732 608 856 679 classis3

79 688 196 762 Quique
210 689 320 763 pedum
336 705 425 744 cursu
440 689 530 756 valet,
546 688 643 760 etqui
659 686 773 742 viribus
789 687 889 743 audax

77 770 143 823 Aut
159 768 260 840 jaculo
274 767 385 823 incedit
400 766 502 823 melior
517 766 694 839 levibusque
710 767 841 839 sagittis,

39 883 42 887 J
78 845 139 903 Seu
154 846 243 903 crudo
259 845 323 902 fidit
337 863 472 920 pugnam
487 847 673 903 committere
687 854 799 914 caestu,

78 925 188 982 Cuncti
198 925 307 995 adsint,
314 926 498 1000 meritaeque
508 925 824 999 exspectentpraemia
832 925 961 999 palmae.
975 926 1012 986 'ld

77 1003 136 1060 Ore
150 1004 248 1061 favete
264 1020 375 1074 omneS,
391 1012 422 1061 et
436 1005 547 1079 cingite
562 1011 699 1078 tempora
712 1004 835 1060 ramis''

26 1154 38 1168 “
117 1161 166 1220 Sic
182 1163 272 1233 satus,
288 1163 371 1221 velat
386 1169 523 1222 materna
537 1168 675 1237 tempora
688 1168 799 1238 myrto,

79 1241 145 1299 Hoc
161 1243 313 1317 Helymus
328 1244 409 1313 iacit,
426 1244 482 1300 hoc
497 1245 565 1300 aevi
580 1248 717 1299 maturus
733 1244 871 1313 Acestes,

78 1320 145 1379 Hoc
160 1339 232 1397 puer
246 1323 409 1391 Ascanius,
426 1323 561 1396 sequitur
575 1340 650 1397 quos
666 1329 765 1378 cetera
778 1323 880 1398 pubes.

76 1401 133 1457 Ille
147 1418 163 1457 e
179 1402 303 1457 concilio
319 1402 424 1458 multis
439 1419 506 1458 eum
520 1402 642 1457 milibus
657 1402 720 1457 ibat
973 1401 1010 1462 ’15

77 1481 128 1536 Ad
142 1481 299 1550 tumulum,
315 1499 427 1554 magna
441 1481 558 1537 medius
573 1481 735 1537 comitante
751 1485 881 1538 caterva.

78 1559 138 1616 Hic
153 1561 212 1616 duo
226 1561 282 1616 rite
297 1578 378 1617 merc
394 1561 490 1616 libans
506 1560 657 1616 carchesia
673 1560 792 1616 Bacche

77 1637 191 1695 Fundit
206 1638 296 1709 humi,
314 1641 372 1696 duo
387 1640 464 1695 lacte
479 1657 566 1717 nore,
582 1640 641 1695 due
656 1641 801 1711 sanguine
817 1655 909 1707 sacre,

77 1717 307 1793 Purpureosque
323 1719 399 1793 jacit
414 1719 508 1786 liores,
526 1736 559 1775 ac
574 1719 648 1774 talia
664 1719 757 1774 fatur:

77 1801 94 1826 “
106 1792 322 1866 Salve,'sanete
337 1814 467 1872 parens;
489 1798 597 1854 iterum
613 1798 735 1864 salvete,
750 1795 862 1871 recepti
972 1799 1009 1855 80

76 1875 288 1950 Nequidquam
302 1879 424 1946 cineres
442 1877 618 1950 animaeque
634 1877 813 1950 umbraeque
828 1873 989 1951 paternae!

75 1954 105 2011 N
108 1973 145 2011 on
160 1955 244 2012 licuit
259 1956 332 2013 fines
346 1956 444 2013 Italus
459 1955 621 2029 fataliaque
637 1973 718 2024 arva,

76 2033 139 2092 Nec
163 2041 262 2091 tecum
287 2037 466 2106 Ausonium,
489 2036 667 2109 quicumque
689 2039 744 2104 est,
765 2052 907 2108 quaerere
929 2034 1011 2110 Thy·

193 2114 297 2171 brim.”

75 2192 201 2252 Dixerat
216 2192 298 2263 haee,
315 2194 417 2268 adytis
432 2212 523 2268 quum
537 2193 669 2250 lubricus
685 2192 793 2266 anguis
809 2193 847 2249 ab
862 2191 930 2249 imis

76 2271 198 2347 Septem
213 2273 321 2347 ingens
336 2291 436 2346 gyros,
453 2281 578 2348 septena
593 2273 747 2329 volumina
762 2273 862 2339 traxit,
970 2272 1008 2330 85

74 2353 244 2426 Amplexus
259 2353 375 2426 placide
391 2353 548 2422 tumulum,
565 2353 725 2427 lapsusque
741 2368 794 2426 per
809 2367 885 2420 aras,

75 2430 240 2489 Caeruleae
255 2432 301 2489 eui
316 2438 403 2506 terga
419 2442 516 2500 notae,
532 2432 703 2488 maculosus
718 2438 748 2486 et
763 2447 835 2485 auro

74 2509 238 2585 Squamam
252 2512 430 2568 incendebat
446 2510 552 2584 fulgor,
569 2529 623 2567 eeu
638 2510 768 2566 nubibus
783 2524 869 2564 arcus

73 2588 161 2649 Mille
178 2591 254 2663 jacit
268 2591 368 2647 varios
384 2591 511 2647 adverso
527 2590 588 2647 sole
604 2589 726 2646 celeres

73 2667 242 2745 Obstupuit
257 2669 323 2725 risu
339 2671 468 2726 Aeneas,
512 2670 566 2726 Ille
583 2669 817 2743 agminelonge
969 2669 1006 2724 90

73 2747 208 2805 Tandem
223 2749 301 2805 inter
315 2755 435 2823 pateras
450 2755 481 2805 et
496 2749 574 2804 leria
588 2748 696 2822 pocula
711 2762 834 2820 serpens

73 2827 257 2902 Libavitque
273 2829 375 2902 dapes,
392 2845 555 2902 rursusque
570 2828 709 2883 innoxius
724 2827 785 2882 imo

73 2905 226 2964 Successit
240 2907 364 2974 tumulo,
380 2912 411 2963 et
426 2908 553 2980 depasta
569 2907 677 2962 altaria
692 2907 789 2980 liquit.

73 2984 141 3043 Hoc
155 2987 254 3060 magis
269 2986 405 3059 inceptos
421 2986 549 3058 genitori
566 2985 714 3042 instaurat
729 2986 865 3051 honores,

72 3064 218 3134 IncertuS,
236 3064 403 3122 Geniumne
419 3064 475 3120 leci
491 3062 826 3139 fainulumne‘parentis
967 3062 1003 3118 95

72 3143 149 3201 Esse
164 3150 269 3217 putet;
291 3144 391 3200 caedit
406 3143 493 3198 binas
509 3143 545 3199 de
561 3160 641 3199 merc
657 3144 795 3199 bidentes

71 3222 188 3297 'l'ctqua
204 3239 281 3291 sues,
298 3222 482 3295 totidemque
498 3222 654 3295 nigrantes
669 3227 755 3294 terga
771 3223 926 3294 Juvencos,

71 3300 213 3375 Vinaque
227 3301 373 3357 fundebat
387 3301 507 3374 pateris,
524 3301 716 3375 animamque
731 3300 859 3356 vocabat

69 3379 227 3439 Anchisae
240 3380 342 3454 magni
355 3379 527 3458 >Manesque
542 3378 721 3441 Acheronte
733 3379 919 3440 reuiissas.“'
947 3381 960 3386 ”
