2204 3676
405 182 562 232 rnnerrn
587 183 724 230 annnrs
749 183 773 231 1.
1015 173 1056 240 2'!

117 331 288 404 Baccatum,
305 340 339 391 66
350 335 499 410 duplicem
514 335 643 406 gemmis
659 352 791 410 auroque
806 353 958 396 coronam.
997 343 1053 399 655

117 410 199 470 Hace
213 413 349 471 celerans
364 414 422 471 iter
436 415 474 470 ad
488 431 582 470 naves
597 414 741 470 tendebat
756 414 900 472 Achates.

150 571 194 628 At
211 571 366 646 Cytherea
380 590 474 629 novas
489 586 578 641 artes,
594 590 674 628 nova
687 577 807 646 pectore
822 587 926 632 versat

114 650 256 720 Consilia,
274 656 307 707 ut
322 652 427 708 faciem
443 657 577 708 mutatus
592 657 622 707 et
637 669 690 708 ora
706 651 824 726 Cupido

113 729 168 786 Pro
184 731 265 787 dulci
280 731 413 787 Ascanio
429 731 539 799 veniat,
556 731 701 804 donisque
716 730 865 790 furentem
906 746 908 751 '

112 808 257 866 incendat
271 810 415 882 reginam,
432 816 521 884 atque
537 810 657 866 ossibus
671 809 803 884 implicet
817 811 926 884 ignem.
993 817 1050 872 660

76 889 101 904 ”
112 889 228 962 Quippe
239 889 361 944 domum
371 888 458 944 timet
469 889 644 962 ambiguam
654 888 823 963 Tyriosque
833 891 999 966 bilinguem

111 966 178 1024 Urit
194 973 280 1024 atrox
294 968 315 1024 J
318 985 385 1037 une,
401 973 431 1024 ct
446 969 501 1024 sub
516 975 635 1024 noctem
650 985 722 1024 cura
736 975 877 1026 recursat.

109 1045 191 1120 Ergo
207 1046 254 1103 his
270 1047 415 1120 aligerum
431 1047 518 1103 616616
533 1047 641 1103 affatur
657 1047 817 1106 Amorem:

109 1131 124 1155 “
135 1127 225 1195 Nate,
242 1145 325 1182 meae
342 1127 429 1195 vireo,
445 1144 513 1182 mea
528 1145 638 1199 inagna
653 1127 790 1200 potentia
806 1129 896 1196 66166,

107 1205 135 1262 N
138 1212 197 1276 ate,
213 1207 308 1280 patris
324 1206 432 1262 summi
449 1206 500 1280 qui
515 1207 577 1262 tela
592 1206 737 1280 Typhoea
751 1208 871 1276 lemnio,
990 1209 1046 1266 665

106 1285 156 1342 Ad
171 1292 202 1342 te
218 1286 367 1359 confugio,
384 1291 414 1342 et
429 1286 554 1360 supplex
567 1292 621 1341 tua
635 1285 759 1341 numina
773 1304 871 1360 posce.
1039 1301 1080 1317 ⁴¹·

106 1363 214 1422 Frater
228 1371 261 1421 ut
276 1365 397 1420 Aeneas
411 1365 519 1439 pelago
535 1371 605 1420 tuus
621 1365 721 1421 emnia
735 1365 845 1422 circum

106 1443 212 1500 Litora
221 1446 353 1516 jactetur
367 1445 444 1500 odiis
458 1444 479 1502 J
482 1445 589 1500 666616
605 1444 736 1514 acerbae,

68 1533 79 1540 “
105 1522 186 1580 Nota
200 1525 265 1592 tibi,
282 1529 312 1580 66
326 1530 429 1580 666666
444 1523 567 1580 66161661
583 1542 672 1597 saepe
687 1524 795 1582 dolore.
996 1578 1003 1584 .

83 1588 194 1682 6161666
210 1603 379 1659 Phoenissa
393 1609 476 1660 tenet
491 1603 571 1660 Dido
586 1604 765 1678 blandisque
780 1610 914 1661 moratur
986 1602 1043 1661 616

105 1680 256 1755 Vocibns;
277 1689 308 1738 ct
323 1700 435 1751 vereor,
452 1701 510 1757 quo
526 1699 557 1738 66
572 1683 593 1740 J
596 1683 707 1739 unonia
722 1690 841 1740 vertant

105 1759 265 1835 Hospitia:
288 1762 369 1819 haud
385 1768 470 1818 66666
486 1763 617 1819 cessabit
632 1763 750 1819 cardine
764 1780 870 1819 rerum.

105 1840 250 1912 Quocirca
264 1860 369 1915 capere
386 1847 454 1898 ante
469 1843 547 1898 dolis
562 1849 592 1898 et
607 1844 725 1914 cingere
740 1841 860 1898 flamma

104 1918 254 1993 Reginam
270 1922 407 1991 meditor,
424 1940 461 1978 66
476 1940 535 1996 quo
551 1939 582 1978 66
598 1922 720 1977 6666166
735 1928 838 1985 mutet,
896 1937 899 1945 ·

105 1997 163 2056 Sed
178 2018 288 2070 magno
305 2000 427 2057 Aeneae
443 2018 560 2057 mecum
576 2006 714 2056 66666666
729 2018 836 2057 errrore.
983 2000 1039 2059 675

56 2083 92 2140 ,--<’
105 2077 170 2149 Qua
184 2081 279 2155 facero
293 2080 329 2159 id
340 2081 447 2154 possis,
463 2087 599 2136 nostram
614 2098 692 2136 nunc
708 2082 806 2155 accipe
822 2088 970 2138 mentem:

104 2156 217 2232 Regius
234 2150 331 2216 666166
346 2155 406 2215 6661
423 2160 569 2234 genitoris
584 2160 622 2216 ad
637 2160 741 2215 urbem

105 2234 258 2294 Sidoniam
272 2255 346 2314 puer
359 2240 401 2295 ire
416 2245 512 2314 parat,
528 2258 596 2295 mea
611 2240 744 2296 maxima
758 2259 837 2305 cura,

104 2313 190 2373 Dona
204 2318 302 2374 serens
316 2319 424 2393 pelago
438 2324 469 2376 et
485 2319 613 2374 11666616
629 2321 774 2375 restantia
790 2320 913 2391 'lb·e}ac;

71 2435 83 2469 p
103 2393 192 2452 Hunc
206 2415 263 2470 ego
278 2399 410 2470 sopitum
426 2416 531 2454 somno
547 2416 635 2472 super
650 2400 712 2454 alta
729 2399 862 2470 Cythera
946 2438 949 2445 .
981 2399 1037 2454 660

63 2467 81 2543 a}
101 2473 165 2530 Aut
180 2493 271 2548 super
285 2477 417 2533 Idalium
434 2483 552 2534 6666666
566 2479 636 2534 6666
651 2478 817 2545 recondam,

54 2539 70 2611 6
84 2535 146 2609 'Nc
160 2558 220 2626 qua
235 2556 308 2611 scire
324 2556 409 2612 66166
423 2558 579 2613 mediusve
594 2575 745 2614 occurrere
759 2557 865 2630 possit.

100 2630 145 2688 Τ6
160 2633 266 2690 faciem
282 2635 362 2691 illiue
376 2642 494 2692 noctem
509 2654 569 2692 nou
585 2637 713 2710 amplius
729 2654 820 2692 unam

99 2709 274 2787 Falledolo,
290 2714 424 2772 6666666
439 2716 522 2788 pueri
533 2733 608 2794 puer
621 2717 710 2772 16666
726 2717 836 2784 661666,

58 2827 62 2841 ·
99 2789 149 2860 Ut,
165 2790 257 2867 q'unm
272 2798 302 2850 te
318 2795 431 2866 gremio
446 2796 572 2867 accipiet
586 2795 752 2850 laetissima
767 2795 846 2851 Dido
977 2797 1033 2852 685

98 2869 229 2945 Regales
243 2873 320 2929 inter
333 2891 455 2940 6666666
469 2874 647 2947 laticemque
664 2875 810 2948 Lyaeum,

98 2950 197 3022 Quum
213 2952 298 3009 dabit
313 2954 468 3026 amplexus
485 2959 575 3026 atquc
591 2955 693 3009 666616
707 2954 807 3009 661616
822 2953 903 3026 liget,

97 3028 255 3086 Occultum
269 3031 397 3106 inspires
412 3033 514 3105 ignem
529 3032 674 3106 fallasque
690 3033 835 3088 vencn0.”

96 3107 188 3166 Paret
202 3109 299 3167 Amor
314 3111 404 3167 dictis
418 3128 505 3167 carae
521 3113 690 3183 genetricis,
706 3117 737 3167 et
752 3112 815 3167 6166

96 3187 197 3257 Exuit,
213 3195 243 3246 et
257 3207 364 3264 gressu
378 3192 515 3263 gaudens
530 3191 642 3245 incedit
657 3190 724 3247 luli.
975 3190 1031 3247 690

95 3267 140 3324 At
153 3267 259 3325 Venus
274 3269 407 3326 Ascanio
422 3269 573 3342 placidam
588 3286 641 3341 per
655 3270 788 3327 membra
802 3271 933 3345 quietem

92 3346 214 3420 Irrigat,
230 3353 259 3404 66
273 3347 368 3405 fotum
382 3349 500 3422 gremio
515 3347 572 3407 dea
585 3347 666 3406 tollit
679 3349 712 3407 in
726 3350 806 3409 altos
