2204 3676
96 173 140 236 40
375 184 535 235 raucum
559 183 697 234 aarum
722 183 764 235 11.·

96 336 242 412 Explicet,
260 342 313 394 aut
327 336 428 412 possit
441 336 574 393 lacrimis
589 353 718 412 aequare
732 336 872 404 labores?

96 415 176 473 Urbs
191 418 316 491 antiqua
329 417 398 485 ruit,
414 416 527 472 multos
542 416 699 472 dominata
712 434 765 490 per
780 435 892 489 annos;
919 445 927 473 ⁴.

96 496 231 552 Plurima
245 513 356 572 perque
371 496 438 552 vias
452 504 627 552 sternuntur
641 494 749 552 inertia
764 497 877 570 passim

96 575 236 649 Corpora,
252 593 363 649 perque
377 575 484 632 domos
499 579 530 631 et
544 574 686 647 religiosa
700 576 825 632 deorum
976 578 1038 638 885

94 653 222 710 Limina.
266 653 329 710 Nce
346 654 401 710 soli
417 671 529 726 poenas
545 653 619 710 dant
633 655 780 728 sanguine
796 653 921 728 'feucri;

94 734 252 804 Quondam
267 733 360 790 etiam
376 732 464 789 vietis
478 732 555 790 redit
569 732 600 788 in
614 733 787 807 praecordia
801 733 906 805 virtus

94 811 292 886 Victoresque
308 812 421 868 cadunt
436 810 545 869 Danai.
590 811 729 869 Crudelis
743 813 853 887 ubique

93 890 217 961 Luctus,
233 891 344 966 ubique
358 907 462 966 pavor,
478 896 509 950 et
523 890 650 967 plurima
664 892 776 948 mortis
785 892 894 967 imago.

133 1050 255 1107 Primus
272 1068 302 1106 se
320 1049 471 1117 Danarim,
487 1068 601 1123 uragua
615 1051 779 1109 comitante
793 1056 924 1122 caterva,
976 1052 1038 1113 370

90 1114 274 1203 (Androgeos
288 1129 373 1186 offert
387 1129 481 1199 nobis,
499 1130 581 1186 socia
595 1131 719 1204 agmina
734 1131 864 1203 credens

92 1209 218 1277 Inscius
236 1215 324 1283 atque
340 1209 418 1265 ultro
434 1210 534 1266 verbis
548 1211 708 1284 compellat
723 1211 844 1269 amicis:

94 1295 110 1318 ¹‘
123 1288 288 1357 Festinato,
304 1286 379 1344 viril
421 1286 500 1344 Nam
517 1294 673 1366 quactum
689 1307 754 1346 sera
768 1296 902 1347 moratur

94 1365 268 1442 Seguities?
310 1366 374 1423 Alii
390 1367 512 1442 rapiunt
527 1368 650 1424 incensa
664 1368 822 1444 feruntque

93 1447 260 1521 Pergama3
282 1463 337 1503 vos
353 1445 439 1503 celsis
455 1464 533 1503 nunc
547 1448 677 1520 primunr
692 1467 710 1504 a
724 1447 853 1505 naribus
867 1447 1036 1510 itis?''3'l5

93 1526 185 1596 Dixit,
201 1533 232 1584 ct
245 1526 396 1600 extemplo
412 1527 523 1600 (neque
539 1527 619 1583 enim
633 1545 777 1601 responsa
793 1528 944 1586 dabantur

71 1644 74 1651 ·
93 1607 170 1664 Fida
185 1607 275 1683 satis)
292 1605 388 1663 sensit
401 1606 518 1662 medios
533 1605 675 1680 delapsus
689 1605 847 1664 inlrostes

94 1685 266 1760 Obstupuit,
281 1691 420 1759 retroque
435 1684 543 1758 pedem
558 1703 626 1742 cum
641 1704 714 1742 voce
730 1686 880 1762 repressit.

92 1766 295 1840 Improvisum
311 1765 408 1837 aspris
423 1764 519 1821 veluti
534 1764 585 1840 qui
600 1765 737 1822 sentibus
753 1783 884 1840 anguem

94 1844 211 1902 Pressit
225 1843 307 1899 humi
322 1845 429 1912 nitens,
446 1844 641 1919 trepidusque
656 1849 777 1918 repente
792 1845 905 1919 refugit
976 1848 1037 1908 380

94 1923 293 1981 Attollentem
309 1923 370 1979 iras
384 1928 415 1979 et
429 1924 549 1980 caerula
563 1923 640 1980 colla
654 1929 837 1996 tumentem3

94 2003 185 2074 Haud
201 2018 287 2058 secus
303 2001 483 2076 Androgeos
498 2003 566 2059 visu
581 2003 774 2060 tremefactus
789 2003 899 2061 abibat.

94 2082 248 2150 Inruimus,
265 2080 367 2137 densis
384 2087 415 2139 ct
430 2082 697 2139 circumfundimur
712 2083 812 2153 amnia,

93 2162 280 2236 Ignarosquc
296 2160 351 2217 loci
366 2158 481 2234 passim
497 2166 527 2217 et
542 2161 699 2218 formidine
716 2168 821 2236 captos

94 2241 280 2299 Sternimus:
303 2241 439 2315 adspirat
452 2240 550 2316 primo
566 2240 702 2298 Fortuna
717 2241 820 2300 labori,
974 2245 1033 2305 385

94 2322 195 2396 Atque
211 2320 259 2376 hic
273 2337 413 2378 successu
428 2320 584 2376 exsultans
600 2320 766 2396 animisque
784 2321 937 2380 Coroebus

94 2401 148 2458 “O
164 2400 246 2469 socii,
263 2417 323 2474 qua
337 2398 436 2474 prima
447 2400 464 2431 ’²
481 2399 581 2475 inquit
593 2400 741 2457 “fortuna
757 2401 866 2458 salutis

94 2480 247 2538 Monstrat
262 2480 328 2549 iter,
341 2497 459 2555 quaque
475 2478 607 2536 ostendit
622 2497 653 2538 sc
669 2480 784 2550 dextra,
801 2498 981 2555 sequamur:

94 2560 249 2618 Mutamus
264 2559 384 2631 clipeos
402 2557 602 2634 Danaumque
617 2559 749 2633 insignia
764 2559 850 2616 nobis

94 2640 252 2714 Aptemus
296 2637 400 2708 Dolus
417 2657 456 2695 an
468 2638 573 2707 virtus,
584 2638 651 2712 quis
667 2637 697 2695 in
713 2639 798 2695 hoste
810 2638 965 2714 requirat?
978 2643 1036 2702 39⁰

94 2720 190 2776 Arma
202 2717 318 2776 dabunt
333 2717 422 2791 ipsi.”
464 2717 513 2774 Sic
528 2719 617 2787 fatua,
635 2718 741 2774 deinde
757 2725 925 2776 comantem

95 2798 253 2872 Androgei
269 2797 388 2871 galeam
403 2797 550 2873 clipeique
565 2797 683 2872 insigne
699 2797 839 2854 docorum

96 2878 243 2947 Induitur,
260 2877 405 2951 laterique
421 2877 571 2950 Argivum
587 2877 793 2934 accommodat
808 2895 919 2936 ensem.
964 2887 967 2890 ⁴

96 2958 163 3016 Hoe
177 2957 324 3033 Ripheus‚
341 2956 398 3013 hoe
413 2957 477 3033 ipsc
493 2956 612 3030 Dymas
627 2957 783 3030 omnisque
793 2958 940 3031 juventus

97 3037 193 3095 Laeta
207 3038 298 3109 facit3
321 3036 425 3110 spoliis
441 3053 472 3092 se
488 3036 613 3110 quisque
628 3036 799 3092 recentibus
815 3040 919 3094 armat.
979 3040 1039 3098 395

99 3117 249 3175 Vadimus
264 3115 396 3173 immixti
411 3115 528 3174 Danais
543 3114 624 3172 haud
639 3115 760 3172 numine
776 3120 887 3192 nostro,

96 3196 256 3271 Multaque
270 3211 324 3271 per
337 3211 457 3252 caecam
472 3194 626 3267 congressi
641 3194 756 3268 proelia
770 3199 889 3253 noctem

99 3274 302 3341 conserimus
317 3273 429 3330 multos
444 3272 584 3331 Danaum
600 3271 893 3349 demittimusOreo.

90 3351 334 3426 Diffugiunt'alli
349 3353 387 3412 ad
403 3369 507 3426 naves,
521 3359 554 3411 et
566 3351 657 3411 litora
671 3369 761 3410 eursu
