2204 3676
91 185 132 248 86
372 200 528 249 venerut
553 200 691 248 15111115
716 201 769 250 tv.

91 350 231 408 Falcihus
245 357 276 409 et
290 368 407 408 messae
422 351 460 408 ad
474 351 576 408 lunam
592 357 776 427 quaeruntur
790 351 873 409 551115

89 430 243 488 Pubentes
258 431 367 488 herbae
382 431 461 505 nigri
477 448 544 487 cum
559 431 636 488 lacte
652 431 759 487 veneni
772 451 779 503 ;

88 510 250 582 Quaeritur
264 516 295 567 et
309 511 464 567 nascentis
478 511 547 584 equi
562 511 599 567 dc
614 511 711 567 1101110
726 510 866 567 revulsus
969 512 1021 570 515

87 587 128 646 Et
142 590 232 646 matri
246 596 422 664 praereptus
438 607 528 645 amor.

89 667 162 743 Ipsa
176 669 256 725 mola
272 669 470 742 manibusque
485 668 544 742 piis
559 667 667 724 altaria
677 669 772 742 juxta,

87 745 191 803 Unum
206 754 298 804 exuta
312 748 419 821 pedem
435 748 550 816 vinclis,
565 749 596 804 in
612 754 695 805 veste
710 749 850 819 recincta,

87 825 231 883 Testatur
245 828 390 883 moritura
405 827 477 883 deos
493 832 523 883 et
538 827 657 884 conscia
671 827 725 884 fati

89 904 211 979 Sidera;
233 912 307 975 tum,
324 907 350 962 si
365 906 444 980 quod
459 923 518 962 non
534 924 629 981 aequo
644 906 761 964 foedere
776 910 915 965 amantes
968 910 1021 967 500

91 984 189 1043 (lurae
205 1003 315 1042 numen
330 984 421 1042 habet
431 986 607 1060 justumque
621 1003 802 1061 memorque,
817 993 969 1061 precatur.

127 1143 196 1201 Nox
210 1148 284 1214 erat,
299 1149 331 1201 et
343 1143 495 1220 placidum
510 1144 672 1217 carpebant
685 1144 767 1202 10555
781 1160 922 1220 soporem

89 1221 222 1298 Corpora
236 1242 289 1300 per
303 1230 407 1294 terras,
423 1224 576 1298 silvaeque
591 1230 622 1281 et
636 1240 729 1280 saeva
743 1224 884 1298 quierant

88 1303 239 1376 Aequora,
255 1321 347 1378 quum
362 1304 461 1360 medio
476 1303 642 1359 volvuntur
656 1303 755 1359 sidera
768 1303 865 1378 lapsu,

88 1383 188 1454 Quum
199 1389 280 1440 tacet
291 1383 388 1439 omnis
399 1400 478 1456 ager,
494 1383 632 1458 pecudes,
642 1383 800 1457 pictaeque
808 1382 956 1454 volucres
966 1382 1020 1441 525

88 1461 230 1536 Quaeque
245 1463 329 1519 lacus
343 1461 402 1517 late
418 1461 557 1535 liquidae,
573 1479 707 1536 quaeque
723 1478 828 1536 aspera
843 1461 944 1520 dumis

87 1540 172 1597 Rura
185 1547 296 1612 tonent,
313 1559 418 1598 somno
432 1541 549 1615 positae
566 1542 621 1597 sub
637 1546 723 1598 nocte
739 1540 848 1599 silenti.

88 1619 258 1696 [Lenibant
272 1638 366 1689 curas,
382 1626 413 1677 et
428 1621 518 1677 corda
533 1620 626 1677 oblita
640 1618 801 1695 laborum]

86 1700 131 1756 At
145 1718 204 1757 non
219 1701 322 1757 infelix
336 1700 430 1757 animi
445 1700 622 1768 Phoenissa,
638 1717 691 1756 nec
705 1717 848 1775 umquam

88 1777 221 1836 Solvitur
234 1780 266 1836 in
280 1797 410 1851 somnos,
427 1779 559 1836 oculisve
576 1784 628 1835 aut
641 1783 760 1852 pectore
775 1785 896 1837 noctem
963 1782 1019 1840 500

86 1857 224 1932 Accipit:
246 1859 435 1933 ingeminant
450 1876 546 1928 curae,
562 1875 723 1933 rursusque
737 1875 902 1933 resurgens

87 1935 191 1993 Saevit
205 1956 296 2008 amor,
312 1956 482 2013 magnoque
497 1939 609 1994 irarum
625 1936 750 1995 fluctuat
766 1944 861 1995 aestu.

87 2014 136 2073 Sic
151 2018 224 2074 adeo
239 2017 361 2087 insistit,
378 2035 538 2092 secumque
554 2018 597 2074 ita
611 2017 698 2074 corde
714 2017 850 2075 volutat:

87 2096 169 2167 Η1111,
186 2097 258 2172 quid
274 2095 352 2171 ago?
394 2098 552 2154 Rursusne
567 2114 672 2170 procos
686 2096 775 2153 irrisa
788 2097 903 2172 priores

86 2173 240 2250 Experiar,
257 2176 489 2250 Nomadumque
504 2181 606 2250 petam
622 2176 770 2233 connubia
785 2176 921 2252 supplex,
964 2177 1019 2236 535

86 2255 168 2327 Quos
186 2274 243 2330 ego
258 2257 315 2312 sim
330 2257 421 2312 toties
431 2257 494 2329 jam
510 2256 675 2330 dedignata
689 2255 814 2313 maritos
824 2254 883 2311 1-

86 2334 196 2393 1115055
212 2337 303 2410 igitur
318 2335 429 2393 classes
445 2341 534 2410 atque
551 2335 657 2392 ultima
673 2333 820 2393 Teucrirm

85 2415 179 2472 Jussa
194 2413 322 2490 sequar?
345 2416 453 2489 quiaue
470 2415 580 2471 auxilio
590 2417 680 2488 juvat
695 2420 764 2471 ante
779 2415 906 2485 levatae,
948 2442 950 2447 >

86 2494 126 2551 Et
140 2496 215 2552 bene
231 2496 310 2568 apud
325 2511 472 2551 memores
488 2495 597 2551 veteris
613 2500 675 2550 5151
690 2495 789 2568 gratia
803 2492 950 2551 fartil—

10 2586 15 2593 ·
86 2575 160 2647 Quis
174 2592 221 2631 me
237 2581 346 2643 autem,
362 2574 407 2630 150
423 2573 508 2644 velle,
524 2573 610 2642 sinet,
626 2573 798 2647 ratibusque
814 2574 954 2646 superbis
965 2576 1021 2633 540

24 2661 34 2672 ’
85 2654 221 2711 Invisam
237 2652 384 2728 accipiet?
407 2653 512 2721 nescis,
530 2653 737 2726 heu‚pe.1·dita,
754 2652 882 2709 necdum

86 2733 329 2790 Laomedonteae
344 2735 439 2789 sentis
451 2733 580 2807 perjuria
594 2730 714 2805 gentis?

86 2814 165 2887 Quid
180 2819 243 2870 tum
256 2810 268 2868 1
312 2811 384 2869 Sola
398 2813 471 2886 iuga
486 2816 594 2868 nautas
609 2811 775 2868 comitabor
789 2810 941 2869 ovantes?

86 2896 136 2950 An
153 2893 253 2967 Tyriis
269 2892 408 2966 omnique
424 2887 515 2948 manu
530 2891 644 2965 stipata
658 2908 792 2947 meorum

85 2973 209 3042 Inferar,
225 2978 263 3040 et,
279 2989 354 3047 ques
371 2970 493 3027 Sidonia
510 2971 559 3026 vix
574 2972 645 3026 urbe
659 2970 773 3038 revelli,
965 2971 1021 3029 545

85 3051 205 3109 Rursus
222 3070 309 3126 agam
325 3051 443 3126 pelago,
461 3057 492 3107 et
506 3050 605 3106 ventis
620 3051 690 3105 darc
706 3049 774 3106 vela
783 3047 895 3123 jubebo
908 3045 969 3105 1-

85 3131 164 3203 Quin
181 3149 303 3199 morere,
319 3137 354 3186 ut
368 3130 476 3186 merita
491 3147 532 3198 05,
548 3129 684 3202 ferroque
700 3133 803 3185 averte
818 3127 972 3187 dolorem!

85 3210 139 3280 Tu,
155 3210 285 3266 lacrimis
300 3211 400 3266 evicta
413 3209 498 3277 meis,
514 3214 548 3264 tu
562 3208 659 3283 prima
673 3207 821 3264 furentem

85 3289 152 3357 Hie,
169 3306 319 3362 germana,
337 3288 555 3355 515115050155,
572 3293 662 3360 atque
677 3287 781 3360 objicis
796 3286 886 3345 hosti.

73 3367 145 3425 Non
160 3368 249 3426 licuit
266 3367 395 3426 thalami
409 3373 564 3442 expertem
577 3366 642 3423 sine
655 3367 778 3423 crimine
792 3366 891 3425 vitam
962 3370 1023 3435 550

58 3445 195 3522 Degere,
214 3466 304 3509 mere
320 3449 414 3523 10150,
431 3448 513 3508 15105
528 3464 585 3505 uec
597 3450 727 3518 tangere
739 3438 844 3499 aurunt
936 3454 942 3465 ·
