2204 3676
367 651 401 712 P.
416 652 600 710 VERGILI
610 649 821 721 xMARONIS

288 820 904 928 turnines

432 1040 550 1090 LIBER
571 1041 755 1098 QUARTUS.

166 1326 209 1386 At
223 1325 335 1401 regina,
351 1327 436 1402 gravi
446 1325 627 1400 Jamdudum
641 1325 743 1383 saucia
757 1344 835 1400 cura,

125 1405 249 1463 Vulnus
264 1407 318 1463 alit
332 1406 426 1476 venis,
443 1411 473 1462 et
488 1423 574 1463 caeco
590 1405 721 1478 carpitur
734 1406 807 1480 igni.

64 1483 66 1487 ’
126 1481 226 1542 Multa
239 1485 296 1542 viri
312 1486 410 1543 virtus
426 1485 533 1554 animo,
549 1485 721 1558 multusque
736 1491 870 1544 recursat

127 1563 234 1622 Gentis
249 1563 361 1636 honos;
383 1565 507 1621 haerent
520 1563 604 1620 infixi
617 1570 737 1638 pectore
748 1565 855 1622 vultus

126 1642 294 1718 Verbaque,
312 1662 365 1701 nec
379 1644 527 1719 placidam
541 1643 751 1700 membrisdat
766 1661 836 1700 cura
851 1647 992 1720 quietern.
1041 1650 1058 1708 d

126 1721 254 1778 Postera
269 1722 410 1779 Phoebea
424 1722 573 1779 lustrabat
587 1722 723 1797 lampade
738 1728 831 1779 terras

126 1800 370 1875 Humentcmque
387 1804 508 1858 Aurora
521 1801 590 1874 polo
605 1801 774 1859 dimoverat
788 1804 934 1874 umbram,

126 1880 227 1952 Quum
242 1881 284 1938 sic
298 1882 472 1938 unanimam
488 1880 648 1954 alloquitur
662 1881 739 1937 male
755 1898 829 1938 sana
843 1897 991 1944 sororem:

103 2032 105 2037 ,
125 1959 245 2016 “Anna
258 1977 349 2030 soror,
366 1978 441 2034 quae
456 1977 503 2016 me
519 1977 697 2034 suspensam
712 1961 862 2017 insomnia
875 1963 1011 2022 terrent?

125 2038 200 2110 Quis
214 2057 313 2096 novus
328 2040 375 2096 hic
390 2040 501 2096 nostris
517 2040 662 2096 successit
676 2040 798 2097 sedibus
813 2039 946 2116 hospes?
1024 2047 1058 2102 lo

84 2142 113 2181 -γ
125 2118 222 2190 Quem
238 2136 302 2176 sese
318 2137 367 2177 ore
383 2118 498 2178 ferensl
521 2137 611 2193 qnam
626 2120 695 2175 sorti
711 2126 830 2194 pectore
845 2126 876 2176 et
890 2120 999 2180 armisl

125 2197 223 2255 Credo
237 2200 384 2274 equidem,
400 2217 454 2255 nec
469 2216 548 2254 vana
562 2197 644 2269 fidae,
661 2217 757 2272 genus
771 2217 838 2256 esse
852 2199 984 2259 deorum.

124 2276 296 2351 Degeneres
311 2279 427 2335 animos
441 2279 533 2335 timor
547 2279 654 2352 arguit.
698 2278 777 2347 Heu,
794 2279 904 2353 quibus
918 2279 969 2336 ille

122 2356 144 2413 J
146 2363 263 2414 actatus
277 2356 363 2415 fatisl
386 2377 462 2433 quae
476 2357 554 2414 bella
568 2358 716 2415 exhausta
730 2357 871 2416 canebatl

70 2450 103 2481 ἢ
124 2436 157 2494 Si
172 2437 245 2494 mihi
260 2455 319 2494 non
335 2439 434 2494 animo
449 2437 541 2493 fixum
555 2437 772 2512 immotumque
788 2438 915 2509 scdcrct,
1003 2482 1005 2486 Α
1021 2440 1057 2498 15

122 2514 169 2572 Ne
184 2517 232 2572 cui
247 2534 294 2573 me
309 2517 407 2574 vinclo
422 2518 529 2573 vellem
545 2517 657 2573 sociare
667 2517 773 2591 jugali,

123 2595 289 2670 Postquam
304 2597 419 2670 primus
434 2614 518 2653 amor
532 2597 686 2671 deceptam
701 2604 797 2654 morte
813 2596 927 2662 fefellit,

54 2698 63 2705 ·
80 2688 89 2703 ⁹
122 2673 155 2732 Si
169 2694 229 2733 non
242 2681 414 2750 pertaesum
429 2675 557 2732 thalami
572 2676 735 2749 taedaeque
750 2676 865 2747 fuisset,

123 2754 205 2813 Huic
219 2755 272 2812 uni
286 2756 388 2812 forsan
401 2756 487 2829 potui
503 2752 697 2812 succumbelc
712 2756 823 2830 culpae.

122 2834 222 2904 Anna,
238 2835 354 2893 fatebor
368 2836 456 2904 enim,
472 2835 572 2891 miseri
586 2834 732 2911 postlata
747 2834 877 2910 Sychaei
1022 2841 1059 2896 20

123 2914 278 2988 OonjugiS,
294 2920 325 2972 et
339 2932 460 2989 sparsos
475 2914 606 2971 fraterna
620 2914 709 2971 caede
727 2915 866 2985 Penates,
956 2926 958 2930 “

60 3046 81 3073 ,¹
122 2993 211 3051 Solus
226 2994 275 3051 hic
289 2994 404 3051 inflexit
418 3009 533 3063 sensus,
551 2994 743 3068 animumque
758 2994 909 3052 labantem

64 3074 69 3084 ’
121 3073 254 3148 Impulit.
298 3074 442 3148 Agnosco
457 3073 568 3130 veteris
583 3074 716 3147 vestigia
730 3073 876 3134 flammae.

123 3152 182 3210 Sed
198 3153 271 3208 mihi
288 3154 334 3210 vel
349 3153 439 3209 tellus
455 3158 554 3227 optem
569 3153 654 3226 prius
670 3154 731 3209 ima
746 3153 888 3225 dehiscat,

122 3231 176 3288 Vel
187 3238 279 3306 pater
293 3233 483 3308 omnipotens
499 3233 602 3306 adigat
616 3251 663 3290 me
679 3232 804 3290 fulmine
820 3234 857 3291 ad
873 3235 1004 3307 umbras,
1022 3238 1060 3294 25

887 3326 921 3373 'ul
