2204 3676
115 164 160 229 68
387 179 545 229 vaaemr
569 179 705 226 auarus
731 180 788 228 111.

116 329 330 406 Harpyiaeque
346 330 448 387 colunt
463 330 548 399 aliae,
565 330 692 387 Phineia
706 336 867 405 postquam

117 408 230 467 Clausa
245 411 361 479 domna,
377 427 557 483 mensasque
573 416 655 466 motu
669 410 781 484 liquere
797 411 919 483 priores

116 487 247 546 Tristius
264 490 345 545 haud
360 489 419 544 illis
435 495 612 557 monstrum,
629 507 682 546 nee
698 489 817 546 saevior
832 490 894 547 ulla

115 567 217 625 Pestis
232 574 262 624 et
277 568 321 623 ira
336 566 422 623 deirm
440 567 556 642 Stygiis
572 585 637 624 sese
652 569 760 625 extulit
774 569 872 626 undis.
996 571 1054 631 215

100 646 254 721 'Virginei
268 648 423 703 volucrum
439 648 550 716 vultus,
567 647 741 704 foedissima
756 648 871 704 ventris

115 726 281 797 ProluvieS,
299 743 451 800 uncaeque
466 744 583 796 manus,
599 732 630 783 et
643 726 757 801 pallida
772 743 890 803 semper

114 804 277 862 Orafamc.

114 885 184 942 Huc
199 886 249 941 ubi
265 885 357 942 delati
371 890 478 960 portus
493 886 683 955 intravimus
700 902 767 942 eece

113 963 210 1021 Laeta
224 966 315 1021 boum
329 965 443 1039 passim
459 966 572 1040 campis
589 971 724 1021 armenta
740 965 877 1022 videmus
995 969 1052 1027 220

114 1042 375 1118 Caprigenumque
390 1061 489 1117 pecus,
505 1045 587 1101 nullo
602 1045 734 1112 custode,
749 1061 803 1119 per
817 1044 932 1102 herbas.

112 1122 261 1180 Irruimus
276 1125 361 1192 ferro,
378 1131 408 1179 et
423 1123 508 1179 divos
523 1123 680 1199 ipsumque
696 1141 837 1180 vocamus

112 1201 150 1260 Iu
164 1210 280 1276 partem
293 1203 496 1278 praedamque
511 1203 531 1260 J
535 1221 622 1259 ovem
637 1224 643 1276 ;
665 1208 730 1259 tum
745 1202 831 1259 litore
847 1220 938 1260 curvo

112 1281 363 1356 Exstruimusquc
378 1288 468 1351 toros,
485 1283 674 1357 dapibusque
688 1283 845 1356 epulamur
860 1283 976 1355 opimis.

111 1361 157 1418 At
171 1362 288 1418 subitae
303 1360 439 1418 horrifico
455 1361 542 1435 lapsu
557 1363 593 1419 de
609 1363 763 1418 montibus
780 1363 892 1418 adsunt
994 1363 1051 1421 225

112 1439 267 1515 Harpyiae
282 1447 312 1497 et
327 1441 449 1514 magnis
464 1442 606 1516 quatiunt
621 1441 815 1515 clangoribus
831 1441 904 1512 alas,

112 1519 325 1595 Diripiantque
342 1521 441 1594 dapes
458 1527 656 1595 contactuque
672 1520 773 1576 omnia
788 1521 911 1576 foedant

111 1597 290 1673 Immundo;
311 1607 376 1657 tum
392 1618 451 1658 vox
465 1605 597 1657 taetrum
612 1601 676 1656 dira
690 1601 768 1656 iuter
783 1600 912 1658 odorem.

114 1677 250 1736 Rursum
264 1681 295 1737 in
310 1697 431 1736 secessu
446 1679 537 1754 longo
553 1681 608 1736 sub
624 1697 696 1754 rupe
712 1685 829 1748 cavata,

112 1757 296 1892 {Arboribus
307 1760 402 1815 clausi
414 1760 522 1816 circum
535 1766 624 1834 atque
636 1758 825 1816 horrentibus
835 1757 975 1836 umbris]
994 1762 1052 1820 230

131 1839 298 1894 astruimus
313 1856 442 1908 mensas
459 1840 578 1913 arisque
593 1839 764 1912 reponimus
779 1838 898 1912 ignem:

113 1915 248 1973 Rursum
264 1935 301 1974 ex
314 1917 435 1974 diverso
450 1919 524 1975 caeli
540 1919 693 1992 caecisque
708 1917 831 1974 latebris

113 1995 216 2052 Turba
230 2014 342 2052 sonans
357 1999 499 2071 praedam
514 1999 640 2070 pedibus
654 1997 850 2054 circumvolat
864 1997 959 2066 uncis,

113 2074 228 2133 Polluit
242 2094 290 2133 ore
306 2077 405 2151 dapes.
450 2077 547 2134 Sociis
561 2084 640 2146 tunc,
658 2095 741 2132 arma
756 2082 924 2150 capessant,

112 2153 216 2225 Edico,
232 2161 263 2212 et
278 2157 343 2213 dira
357 2157 468 2213 bellum
484 2175 551 2212 cum
567 2163 656 2230 gente
672 2156 845 2230 gerendum.
991 2157 1049 2216 235

46 2260 101 2285 η
113 2232 207 2291 Haud
222 2253 309 2292 secus
325 2254 358 2292 ac
368 2237 446 2310 jussi
461 2237 583 2306 faciunt,
600 2242 755 2309 tectosque
770 2252 823 2310 per
837 2234 962 2291 herbam

113 2312 289 2387 Disponunt
303 2333 390 2372 enses
405 2322 436 2373 ot
450 2322 536 2372 scuta
550 2316 676 2372 latentia
691 2315 829 2372 condunt.

112 2392 196 2467 Ergo
211 2395 263 2450 ubi
279 2395 421 2468 delapsae
436 2396 569 2452 sonitum
582 2413 636 2470 per
651 2413 743 2450 curva
757 2395 864 2450 dcdcre

46 2476 84 2533 Ἄ
113 2471 227 2542 Litora,
244 2474 296 2530 dat
311 2475 432 2547 signum
448 2475 569 2548 specula
585 2475 725 2531 Misenus
741 2475 779 2530 ab
795 2474 857 2529 alta

113 2552 192 2608 Aere
208 2571 290 2610 cavo.
327 2555 482 2610 Invadunt
497 2555 576 2623 socii,
590 2561 621 2610 ct
632 2571 711 2609 nova
724 2553 839 2627 proelia
853 2557 980 2624 tentant,
993 2553 1052 2610 240

53 2695 63 2709 „
114 2629 269 2688 Obscenas
283 2633 382 2707 pelagi
397 2634 474 2689 ferro
490 2634 609 2690 foedare
625 2634 769 2689 volucres.

64 2708 92 2745 *a
115 2709 175 2766 Sed
192 2730 287 2785 neque
303 2713 366 2767 vim
380 2713 491 2785 plumis
506 2714 598 2769 ullarn
613 2731 667 2768 nec
682 2713 806 2768 vulnera
820 2718 907 2784 tergo

114 2789 285 2865 Accipiunt,
302 2792 448 2866 celerique
463 2794 536 2866 iuga
551 2793 606 2848 sub
621 2793 720 2848 sidera
734 2792 837 2865 lapsae

47 2909 63 2921 a
77 2918 86 2947 ι,
116 2867 283 2927 Semicsam
298 2872 439 2946 praedam
454 2877 485 2927 et
500 2873 632 2945 vestigia
647 2872 733 2927 foeda
747 2871 931 2944 relinquunt.-

114 2947 185 3004 Una
200 2950 231 3005 in
245 2951 398 3025 praecelsa
412 2951 547 3007 consedit
561 2969 633 3024 rupe
649 2951 788 3020 0010000,
993 2949 1053 3007 245

113 3026 224 3085 Infelix
238 3037 333 3100 vates,
348 3031 517 3104 rumpitque
534 3030 610 3086 hane
624 3038 743 3105 pectore
759 3046 881 3085 vocem:

115 3107 261 3163 “Bellum
275 3111 367 3165 ctiam
383 3127 436 3183 pro
451 3111 541 3165 caedo
557 3109 647 3164 boum
662 3110 823 3183 stratisque
834 3107 980 3180 juvencis

115 3185 399 3257 Laomedontiadae,
416 3189 567 3244 bellumne
583 3189 691 3245 inferre
705 3189 830 3263 paratis

115 3265 157 3322 Et
171 3268 267 3340 patrio
284 3268 438 3342 Harpyias
453 3269 588 3324 insontes
602 3269 712 3342 pellere
728 3265 844 3342 regno?

103 3345 250 3418 Aeeprite
265 3365 338 3421 ergo
352 3348 463 3405 animis
479 3353 569 3423 atque
585 3347 659 3405 haec
674 3366 742 3404 mea
757 3348 838 3420 figite
854 3345 944 3414 dicta,
993 3345 1055 3406 250

90 3420 181 3488 Quae
196 3423 331 3485 Phoebo
343 3435 438 3506 pater
451 3429 663 3506 omnipotens,
677 3427 755 3485 mibi
766 3425 913 3484 l'boebus
929 3423 1038 3494 apollo
