2204 3676
368 219 526 269 vnnomr
549 218 685 269 sanare
711 217 768 267 111.
990 203 1030 267 01

95 370 228 431 Servitio
242 371 358 441 enixae,
373 369 518 446 tulimus;
539 370 590 446 qui
605 371 721 442 deinde,
737 377 860 430 secutus

93 451 247 509 Ledaeam
261 450 448 508 Hermionen
463 451 778 526 Lacedaemoniosque
791 452 985 526 hymenaeos,
1047 468 1084 482 ‘·

92 530 144 589 Me
159 529 271 588 famulo
286 530 489 604 famulamque
504 530 622 588 Heleno
636 530 807 587 transmisit
821 530 1001 589 habendam.

92 611 155 671 Ast
169 610 262 681 illum,
277 615 398 683 ereptae
412 627 524 712 magno
539 609 743 666 inflammatus
758 627 858 666 amore
974 613 1032 667 330

92 690 239 764 Oonjngis
253 693 284 746 et
298 689 443 746 scelerum
458 689 560 746 Iuniis
575 690 717 764 agitatus
735 689 860 747 Orestes

92 769 215 845 Excipit
228 769 394 838 incautum,
409 769 582 844 patriasque
598 770 759 826 obtruncat
773 769 811 825 ad
826 786 903 827 aras.

92 848 193 907 Morte
208 847 400 923 Neoptolemi
414 865 576 922 regnorum
590 849 709 906 reddita
724 849 816 906 cessit

92 927 171 986 Pars
186 927 313 998 Helene,
328 928 380 1002 qui
395 926 548 985 Chaonios
563 929 742 1002 cognomino
757 946 881 1004 campos

94 1007 322 1082 Chaoniamque
336 1024 457 1064 omnem
472 1008 602 1081 Trojano
618 1025 636 1063 a
651 1007 775 1066 Chaone
791 1009 875 1078 dixit,
974 1009 1030 1064 335

93 1087 302 1162 Pergamaque
316 1087 502 1161 Iliacamque
512 1088 596 1161 jugis
611 1087 690 1144 hanc
705 1088 823 1144 addidit
842 1105 949 1144 arcem.

94 1166 155 1224 Sed
169 1167 224 1223 tibi
239 1166 290 1242 qui
305 1183 424 1223 cursum
439 1167 531 1237 venti,
548 1185 623 1241 quae
638 1168 703 1224 fata
720 1165 851 1224 dedere?

92 1245 160 1305 Aut
174 1246 312 1321 quisnam
327 1247 466 1320 ignorum
480 1247 593 1302 nostris
608 1245 682 1303 deus
697 1247 815 1321 appulit
829 1244 911 1303 oris?

94 1327 175 1398 Quid
188 1344 263 1401 puer
278 1323 452 1384 Ascanius?
496 1324 686 1400 Superatnel
708 1331 739 1382 ct
754 1327 886 1384 vescitur
901 1343 982 1393 aura,

10 1433 65 1469 rvr
95 1407 181 1478 Quae
196 1406 251 1462 tibi
260 1407 324 1480 jam
340 1403 494 1480 TroJ‘a-?
973 1407 1029 1462 340

93 1485 199 1561 Ecqua
212 1492 314 1543 tamon
329 1503 420 1560 puero
435 1492 481 1542 cst
496 1487 625 1544 amissae
641 1505 712 1545 cura
724 1483 882 1562 parentis?

93 1564 212 1640 Ecquid
225 1566 256 1622 iu
271 1566 425 1640 antiquam
441 1567 586 1623 virtutem
601 1569 777 1641 animosque
792 1565 893 1622 viriles

94 1645 137 1702 Et
150 1650 236 1718 pater
251 1643 374 1702 Aeneas
389 1651 420 1702 ct
434 1647 602 1704 avunculus
616 1648 731 1704 excitat
746 1643 910 1703 Hector?’'

94 1723 182 1781 Talia
195 1724 339 1782 fundebat
351 1725 513 1782 lacrimans
527 1726 695 1801 longosque
711 1726 809 1782 olebat

95 1803 254 1862 Incassum
269 1803 363 1875 fletus,
380 1823 472 1879 quum
486 1822 552 1862 sese
569 1825 586 1862 a
600 1806 756 1863 moenibus
771 1804 859 1862 heros
974 1803 1029 1858 345

94 1883 265 1942 Priamides
279 1884 382 1941 multis
398 1885 534 1941 Helenus
550 1885 762 1941 comitantibus
777 1884 871 1953 affort,

94 1963 305 2038 Agnoscitque
321 1981 400 2032 suos
416 1964 573 2038 laetusque
589 1965 627 2020 ad
641 1965 746 2021 linrina
760 1964 851 2033 ducit,

95 2043 155 2120 [Et
168 2042 297 2099 multum
311 2043 451 2100 lacrimas
466 2045 558 2100 verba
573 2044 652 2100 inter
668 2044 789 2117 singula
804 2039 930 2117 fundit]

95 2121 238 2191 Procede,
254 2128 285 2179 et
298 2141 425 2197 parvam
440 2122 560 2196 Trojam
576 2124 776 2197 simulataque
791 2122 911 2196 magnis

96 2200 246 2276 Pergama
260 2207 291 2258 et
306 2208 439 2259 arentem
454 2202 575 2259 Xanthi
589 2203 767 2276 cognomine
782 2203 882 2258 rivum
973 2200 1031 2256 350

95 2281 249 2355 Agnosco,
266 2280 435 2356 Scaeaeque
451 2283 616 2356 amplector
629 2282 735 2339 limina
748 2288 861 2357 portae.

94 2360 159 2418 Nec
174 2378 233 2417 non
247 2366 278 2417 et
292 2361 398 2419 Teucri
413 2362 495 2418 socia
509 2361 599 2418 simul
613 2362 685 2418 urbe
701 2362 856 2418 fruuntur:

94 2439 170 2497 Illos
184 2441 349 2514 porticibus
362 2458 415 2497 rex
430 2441 595 2516 accipiebat
608 2441 640 2497 in
656 2441 764 2516 amplis
776 2461 784 2513 3

94 2520 187 2578 Aulai
201 2520 300 2577 medio
315 2520 452 2577 libabant
464 2521 572 2596 pocula
586 2521 707 2591 Bacchi,

93 2599 252 2675 Impositis
267 2616 340 2657 auro
355 2600 492 2675 dapibus,
507 2606 689 2676 paterasque
704 2600 855 2658 tenebant.
974 2596 1030 2653 355

134 2759 264 2835 Jamque
281 2760 345 2817 dies
361 2760 493 2835 alterque
508 2761 573 2818 dies
588 2760 744 2836 processit,
760 2766 791 2816 et
807 2777 896 2816 aurae

94 2838 174 2897 Vela
187 2846 304 2909 vocant,
320 2840 493 2914 tumidoque
510 2840 633 2921 inflatur
647 2841 791 2898 carbasus
807 2846 928 2896 austro:

94 2918 155 2975 His
169 2926 272 2977 vatem
287 2919 447 2993 aggredior
463 2920 550 2976 dictis
566 2938 600 2976 ao
615 2921 691 2977 talia
705 2937 834 2995 quaeso:

95 3003 111 3028 ‘¹
123 2998 302 3073 Trojugena,
317 3000 463 3073 interpres
479 2999 591 3070 divum,
608 3000 659 3073 qui
674 2999 798 3056 numina
815 2996 940 3066 Phoebi,

95 3078 154 3150 Qui
169 3079 313 3153 tripodas
332 3078 424 3136 Clarii
438 3078 550 3147 laurus,
567 3079 618 3153 qui
634 3079 733 3135 sidera
747 3078 841 3134 sontis
973 3077 1030 3132 300

94 3157 136 3215 Et
150 3158 303 3215 volucrum
318 3158 439 3232 linguas
453 3164 484 3214 et
497 3158 649 3232 praepetis
665 3158 767 3213 omina
781 3173 905 3230 pennae,

94 3234 171 3294 Fare
186 3256 243 3312 age
259 3237 404 3313 (namque
419 3254 537 3294 omnem
553 3254 673 3294 cursum
689 3236 763 3293 mihi
776 3252 921 3311 prospera
936 3233 1013 3291 dixit

93 3315 225 3391 Religio,
240 3322 271 3374 et
286 3317 385 3374 cuncti
400 3321 561 3374 suaserunt
575 3315 697 3372 numine
713 3315 775 3371 divi

92 3395 213 3454 ltaliam
222 3401 329 3470 petere
342 3400 373 3453 et
387 3401 482 3456 terras
498 3399 618 3458 tentare
633 3402 800 3478 repostas3
