2204 3676
271 281 275 288 υ
356 213 515 263 vnnernr
539 211 648 263 Anne
675 225 732 272 nr.
958 219 1000 281 53

79 363 176 442 [Tum
192 364 236 422 sic
251 362 336 421 affari
351 370 382 421 et
396 382 483 422 curas
500 363 548 420 his
563 364 682 421 demere
696 365 785 422 dietis
795 363 820 442 :]
964 363 1019 426 '175

80 449 96 473 ‘⁴
111 441 190 516 Quid
204 448 326 500 tantum
341 443 447 500 insane
458 445 547 517 juvat
559 443 715 517 indulgere
730 444 835 518 doleri,

80 519 219 580 O'dulcis
234 521 385 596 conjunx?
406 541 467 580 non
482 523 556 580 haec
571 523 635 579 siue
651 523 771 580 numine
786 522 890 580 (livdm

80 601 255 674 Eveniunt3
276 608 375 659 necte
390 602 459 660 hinc
474 603 616 660 comitem
631 610 785 676 asportare
802 603 946 662 (ireiisam

79 681 150 752 Fas,
167 686 220 738 ant
233 646 283 738 illc
298 681 372 738 sinit
385 682 486 757 superi
500 687 642 756 regnator
658 681 864 769 Olympi.

78 761 189 835 Longa
200 760 255 818 tibi
265 761 380 831 exsilia,
391 767 422 819 et
435 766 555 818 vastum
565 761 659 817 maris
671 779 781 836 aequor
768 750 954 821 arandum:
965 762 1021 823 780

78 840 122 899 Et
135 846 246 898 terram
264 840 445 915 Hesperiam
461 841 572 909 venies,
589 839 641 896 ubi
656 840 774 916 Lydius
789 859 863 898 arva

78 921 165 978 Inter
179 921 280 996 opima
293 920 390 978 virum
405 920 465 978 leni
480 919 547 977 lluit
561 919 682 994 agmine
698 920 906 1004 Thybris

79 1000 148 1058 Illic
162 1017 210 1057 res
224 1001 322 1058 laetae
336 1018 521 1075 regnumque
536 1005 567 1057 et
581 1000 665 1073 regia
679 1000 809 1074 conjunx

79 1080 176 1138 Parta
189 1081 261 1138 tibi:
284 1081 422 1138 lacrimas
436 1081 526 1138 dilect
514 1086 563 1137 tae
578 1080 655 1154 pelle
672 1081 809 1139 Oredsae.

78 1159 151 1217 Non
165 1177 222 1234 ego
237 1160 466 1236 Myrmidonum
482 1161 570 1218 sedes
586 1159 776 1236 Dolopumve
793 1147 939 1236 superbas
963 1160 1020 1222 785

79 1239 247 1315 Aspiciam,
264 1246 317 1297 aut
331 1240 432 1298 Graiis
447 1241 594 1297 servitum
609 1246 674 1297 mat
662 1241 759 1298 tribus
774 1241 832 1312 ibe,

80 1318 241 1390 Dardania,
257 1326 288 1378 et
303 1321 390 1377 divae
405 1321 536 1378 Veneris
550 1336 662 1394 nurus;
987 1358 992 1389 ,

81 1398 143 1457 Sed
157 1418 205 1457 me
219 1418 332 1474 magna
347 1399 436 1458 deirm
452 1399 590 1474 genetrix
604 1399 652 1457 his
668 1399 781 1458 detinet
795 1401 863 1458 oria.
989 1394 992 1401 '

79 1480 211 1555 Jamque
226 1481 303 1550 vale,
319 1485 350 1537 ct
364 1481 428 1538 nati
442 1497 531 1542 serva
545 1480 714 1537 communis
730 1498 815 1537 amor
841 1479 900 1512 ’Ὗ

80 1559 168 1617 Haec
177 1560 228 1617 ubi
239 1561 300 1618 dict
303 1560 421 1630 adedit,
433 1559 639 1618 lacrimantem
651 1564 682 1616 et
691 1561 787 1617 multa
799 1497 978 1620 νᾜιῖθιῖῖ
1002 1562 1020 1616 0

79 1640 188 1697 Dicere
202 1641 343 1710 descruit,
358 1645 523 1717 tenuesque
538 1639 684 1697 recessit
677 1657 707 1696 ιιι
722 1657 819 1697 auras.

79 1720 140 1777 'Per
154 1726 281 1778 conatus
295 1720 336 1777 ibi
351 1720 428 1777 cello
443 1721 514 1777 dare
528 1719 693 1777 brachia
669 1737 800 1793 circum,

78 1799 140 1856 Ter
154 1800 266 1857 frustra
280 1817 458 1936 comprensa
471 1817 579 1857 manus
594 1799 723 1872 effugit'
715 1817 827 1873 mage,

78 1880 143 1938 Par
156 1879 273 1938 levibus
289 1881 389 1938 ventis
404 1880 578 1955 volucrique
593 1879 747 1936 simillima
762 1897 876 1938 somne.
973 1898 981 1927 ι

111 1957 171 2018 sie
185 1961 305 2018 demum
320 1961 418 2018 socios
432 1964 609 2037 consumpta
624 1964 710 2017 necte
725 1960 832 2019 reviso,
964 1958 1019 2020 795

120 2117 222 2194 Atque
237 2118 286 2178 hic
301 2120 454 2194 ingentem
470 2120 616 2178 comitum
630 2116 779 2176 affluxisse
794 2136 942 2177 noverum
998 2142 1002 2147 ·

77 2199 208 2258 Invenio
222 2200 375 2258 admirans
390 2218 557 2269 numerum,
573 2205 745 2274 matresque
760 2199 909 2275 viresque,

79 2279 249 2338 Collectam
263 2280 368 2338 exsilio
383 2280 500 2356 pubem,
516 2279 688 2336 miserabile
705 2279 823 2353 vulgus

78 2359 222 2434 Undique
237 2377 410 2427 convenere,
428 2359 538 2417 animis
553 2359 720 2433 opibusque
734 2358 842 2432 parati,

78 2439 118 2496 In
132 2457 336 2514 quascumque
352 2441 443 2496 velim
458 2439 568 2512 pelago
584 2439 728 2495 deducere
742 2444 847 2495 terras.
963 2437 1019 2498 800

78 2519 210 2594 Jamque
220 2519 305 2594 jugis
320 2537 456 2576 summae
472 2519 619 2592 surgebat
634 2517 756 2574 Lucifer
770 2518 845 2574 Idae

78 2599 276 2675 Ducebatque
292 2599 381 2671 diem,
411 2598 570 2673 Danaique
584 2597 709 2655 obsessa
723 2597 867 2654 tenebant

78 2679 203 2738 Limina
216 2684 379 2754 portarum,
395 2696 449 2735 nce
464 2694 533 2753 spes
548 2677 613 2752 epis
626 2675 689 2733 ulla
703 2676 848 2753 dabatur;

79 2758 168 2818 (lessi
182 2764 213 2816 et
227 2757 348 2816 sublato
363 2763 483 2816 montes
497 2756 633 2833 genitore
646 2755 772 2834 petivi’'
