2204 3676
86 196 146 259 132
363 213 519 262 venerer
543 211 681 258 nnnnrs
706 210 756 260 vr.

85 366 101 390 “
113 361 219 430 Dicite,
238 361 338 417 lelices
354 363 482 429 animae,
499 362 729 435 tuque,·optime
746 367 842 432 valea,
857 406 872 413 ..

85 441 168 512 Quae
184 442 266 514 regie
283 441 445 502 Anchisen.
463 442 530 515 quis
546 442 638 496 habet
652 439 758 496 locus?
780 441 862 498 illius
877 459 951 516 ergo
969 444 1026 502 6ἴο

83 519 231 576 Venimus
246 528 276 576 et
292 539 418 593 magnos
436 521 526 576 llrebi
541 521 728 576 tranavimus
744 523 880 578 amnes.''

83 598 186 674 Atque
203 599 271 658 huie
287 617 464 674 responsum
479 600 583 674 paucis
598 599 641 655 ita
654 599 787 656 reddidit
802 599 911 658 heros:

84 678 197 734 “Nulli
212 687 293 735 certa
308 680 435 753 domus;
457 679 532 736 lucis
548 678 719 735 habitamus
734 679 846 752 epaoiS,

83 756 290 832 Riparumque
306 766 388 815 toros
403 765 432 815 et
446 765 534 832 prata
548 758 679 814 recentia
693 758 771 815 rivis·

82 835 253 894 Incolimus
299 837 358 894 Sed
374 855 437 907 vos,
454 838 480 894 si
495 837 553 894 fert
567 838 611 893 ita
626 837 714 894 eorde
727 837 878 907 veluntas
965 843 1020 900 675

83 915 151 973 Hoc
167 923 305 991 superate
322 919 428 990 jugum
443 937 450 990 ;
472 923 503 974 et
517 917 597 973 facili
613 919 677 990 jam
693 918 815 973 tramite
832 918 972 975 sistam.’'

82 993 177 1067 Dixit,
194 1005 224 1053 et
239 1004 308 1053 ante
324 998 393 1052 tulit
408 1014 555 1071 gressum,
571 1013 752 1070 camposque
767 997 901 1053 nitentes

83 1074 221 1149 Desuper
236 1082 369 1133 ostentat
383 1097 389 1151 ;
412 1077 519 1133 dehine
535 1093 654 1133 summa
668 1076 825 1133 eacumina
839 1075 992 1152 linquunt.

122 1234 166 1292 At
180 1241 265 1310 pater
280 1235 430 1292 Anchises
444 1236 566 1309 penitus
581 1236 716 1293 convalle
732 1233 840 1292 virenti

82 1313 220 1371 Inclusas
236 1315 353 1371 animas
369 1333 568 1391 superumque
585 1316 622 1372 ad
638 1316 739 1372 lumen
754 1316 851 1372 ituras
964 1319 1021 1375 680

83 1393 248 1451 Lustrabat
263 1394 363 1451 studio
378 1395 519 1463 recolens,
537 1413 713 1470 omnemque
729 1412 852 1452 suorum

82 1472 173 1530 Forte
189 1475 361 1530 recensebat
376 1491 533 1540 numerum
548 1492 692 1548 carosque
706 1480 838 1549 nepotes

82 1551 217 1628 Fataque
233 1554 426 1628 fortunasque
443 1554 539 1609 virrlm
555 1571 711 1628 moresque
726 1572 903 1630 manusque.

82 1632 172 1706 Isque
188 1634 238 1690 ubi
252 1633 426 1690 tendentem
442 1633 602 1690 adversum
616 1650 669 1708 per
684 1634 821 1707 gramina
836 1634 916 1692 vidit

82 1712 217 1782 Aenean,
234 1713 339 1770 alacris
354 1714 470 1787 palmas
485 1719 627 1787 utrasque
641 1712 778 1784 tetendit,
962 1716 1019 1773 685

82 1789 262 1866 Effusaeque
277 1793 362 1866 genis
377 1793 525 1861 lacrimae,
541 1799 572 1849 et
588 1810 645 1849 vox
659 1792 769 1849 excidit
784 1810 851 1850 ore:

83 1870 229 1927 “Venisti
243 1873 375 1940 tandem,
388 1877 498 1946 tuaque
514 1878 688 1946 exspectata
700 1872 818 1947 parenti

82 1948 166 2006 Vicit
181 1950 236 2006 iter
251 1951 359 2007 durum
374 1949 492 2025 pietas?
515 1952 604 2008 datur
619 1969 671 2008 era
684 1951 769 2022 tueri,
799 2017 804 2027 Ι

82 2028 170 2098 Nate,
186 2035 246 2098 tua,
262 2037 292 2086 et
307 2036 393 2086 notas
409 2031 511 2087 audire
527 2038 557 2088 et
570 2031 691 2087 reddere
706 2029 817 2090 voces?

83 2108 133 2166 Sic
147 2110 285 2182 equidem
300 2110 445 2167 ducebam
461 2111 561 2167 animo
575 2111 718 2185 rebarque
733 2111 877 2183 futurum,
961 2115 1019 2171 690

82 2187 229 2263 Tempora
243 2190 443 2258 dinumerans,
459 2208 513 2246 nee
528 2208 573 2246 me
589 2208 656 2246 mea
670 2207 741 2247 eura
755 2191 867 2250 fefellit.

83 2268 165 2340 Quas
179 2286 235 2342 ego
250 2276 280 2326 te
295 2275 389 2326 terras
405 2275 435 2326 et
449 2276 564 2344 quauta
577 2287 630 2343 per
645 2287 774 2344 aequora
788 2274 909 2328 vectum

82 2347 225 2422 Accipiol
249 2350 370 2423 quantis
387 2351 544 2423 jactatum,
561 2354 639 2417 nate,
655 2348 789 2424 periclisl

83 2429 179 2500 Quam
196 2429 299 2497 metui,
316 2447 352 2485 ne
368 2429 439 2504 quid
456 2429 572 2503 Libyae
587 2429 642 2485 tibi
657 2447 752 2502 regna
766 2429 951 2488 nocerentl’'

82 2506 137 2564 Illo
154 2513 271 2564 autem:
296 2514 311 2537 “
323 2509 389 2565 Tua
403 2527 457 2578 me,
474 2509 600 2582 genitor,
616 2513 670 2564 tua
683 2509 779 2565 tristis
794 2509 904 2583 image,
959 2514 1017 2570 695

82 2585 208 2659 Saepius
224 2605 388 2656 occurrens,
405 2587 477 2644 haec
487 2587 597 2644 'limina
610 2588 731 2644 tendere
747 2588 856 2662 adegit.

82 2664 172 2722 Stant
187 2667 248 2722 'sale
265 2667 421 2741 Tyrrheno
436 2668 556 2724 classes.
600 2667 648 2724 Da
664 2669 792 2741 jungere
807 2667 955 2739 dextram,

82 2745 137 2815 Da,
154 2747 279 2819 genitor,
295 2752 384 2821 teque
400 2748 539 2820 amplexu
554 2766 591 2803 ne
606 2747 747 2803 subtrahe
764 2749 896 2804 nostr0.⁷’

83 2824 132 2882 Sic
147 2843 316 2881 memorans
331 2827 414 2900 largo
430 2826 501 2882 lletu
517 2827 606 2882 simul
622 2844 672 2883 ora
688 2827 814 2901 rigabat.

82 2904 141 2961 Ter
155 2911 279 2961 conatus
294 2906 332 2961 ibi
350 2907 424 2962 collo
440 2907 510 2962 dare
526 2905 647 2962 brachia
662 2907 790 2978 circum3
961 2908 1018 2967 700

82 2983 140 3040 'Per
154 2986 265 3041 frustra
280 3002 454 3058 comprensa
467 3004 574 3041 manus
589 2986 693 3059 effugit
707 2987 815 3059 imago,

83 3063 159 3140 [Par
174 3065 290 3120 levibus
304 3065 403 3120 ventis
419 3066 591 3139 volucrique
607 3065 760 3121 simillima
775 3063 906 3142 somno]

121 3222 241 3278 Interea
255 3223 339 3279 videt
354 3222 475 3280 Aeneas
489 3224 520 3279 in
535 3223 611 3280 valle
626 3225 750 3281 reducta

79 3301 239 3357 Soolnsum
254 3319 362 3358 nemus
376 3308 407 3358 et
421 3304 555 3378 virgulta
569 3305 709 3360 sonantia
724 3304 827 3375 silvae,

62 3379 312 3457 Lethaeamque,
324 3383 433 3443 domos
443 3385 581 3463 placidas
590 3384 949 3462 quipraenatatamneru.
960 3386 1019 3445 705

44 3456 149 3516 Hune
162 3461 283 3522 circum
301 3467 490 3529 innumerae
508 3478 624 3547 gentes
636 3464 809 3542 populique
819 3460 985 3528 nolumus,
