2204 3676
80 197 123 261 66
345 211 504 262 vrsano
527 213 668 263 aenum
692 213 752 263 111.

81 362 248 437 Postquam
263 368 373 422 cuncta
387 363 473 421 videt
486 362 571 422 caelo
584 369 724 422 constare
740 381 856 436 sereno,

80 443 143 500 Dat
157 445 270 500 clarum
285 461 301 501 e
316 443 409 517 puppi
424 442 565 518 signum3
587 461 643 502 nos
658 450 758 501 castra
773 462 941 518 movemus,

80 521 305 597 Tentamusquc
320 522 399 579 viam
414 528 446 579 et
460 523 595 580 velorum
609 523 771 598 pandimus
786 523 859 581 alas
963 527 1017 585 52⁰

79 602 208 677 Jamque
223 603 401 659 rubescebat
415 602 511 660 stellis
527 602 647 660 Aurora
661 603 785 677 fugatis,

80 682 180 754 Quum
193 681 297 756 procul
313 682 456 738 obscuros
470 681 561 739 colles
576 681 779 756 humilemque
794 681 936 740 videmus

79 760 210 818 Italiam.
254 766 270 790 “
281 761 403 818 Italiam
415 757 423 818 l
432 761 448 792 ''
468 761 585 836 primus
601 761 770 818 conclamat
783 761 931 836 Achatae,

79 839 201 897 Italiam
216 840 297 899 laeto
312 839 384 897 socii
399 839 528 897 clamore
543 840 688 898 salutant.

79 919 157 976 Tum
171 925 256 993 pater
270 919 422 977 Anchises
436 937 582 994 magnum
597 926 713 977 cratera
727 937 838 979 corona
959 921 1015 981 eat

79 997 184 1056 Induit
197 1000 396 1074 implevitque
410 1016 503 1070 mero,
518 999 666 1074 divosque
682 1001 806 1059 vocavit

79 1077 169 1136 Stans
185 1079 265 1136 celsa
279 1079 310 1136 in
325 1079 434 1153 puppi:

78 1162 95 1187 ‘¹
105 1158 152 1228 Di,
168 1159 262 1216 maris
276 1164 308 1215 et
321 1164 419 1215 terrae
434 1163 711 1234 tempestatumque
724 1164 875 1234 potentes,

77 1235 166 1295 Forte
181 1238 263 1295 viam
278 1244 369 1295 vento
384 1238 512 1306 facilem,
527 1243 559 1295 et
573 1239 686 1313 spirate
702 1240 854 1298 secundi.'’

78 1315 277 1375 Crebrescunt
292 1322 414 1392 optatae
431 1335 531 1387 aurae,
547 1323 712 1393 portusque
726 1319 856 1393 patescit
956 1320 1013 1378 530

75 1396 97 1452 J
100 1414 147 1453 am
161 1397 290 1472 propior,
305 1396 511 1471 templumque
527 1402 654 1471 apparet
668 1399 699 1453 in
715 1415 781 1455 arce
797 1397 965 1456 Minervae.

76 1474 154 1533 Vela
169 1477 274 1550 legunt
288 1477 373 1546 socii,
388 1482 420 1533 et
432 1493 538 1551 proras
554 1476 592 1533 ad
607 1476 697 1533 litora
712 1482 863 1552 torquent

76 1554 188 1614 Portus
203 1556 240 1613 ab
255 1555 357 1614 Euroo
373 1555 465 1613 fluctu
480 1562 623 1612 curvatus
637 1556 669 1612 in
684 1574 806 1631 arcum;

76 1633 218 1709 Objectae
233 1635 314 1693 salsa
328 1640 470 1710 spumant
485 1636 643 1709 aspargine
658 1641 771 1707 cautes,

75 1714 145 1788 Ipso
159 1715 253 1788 latet3
269 1716 389 1789 gemino
405 1715 569 1772 demittunt
583 1715 707 1772 brachia
721 1733 807 1775 muro
955 1722 1011 1781 535

75 1793 189 1851 Turriti
203 1795 327 1868 scopuli,
343 1794 514 1868 refugitque
530 1795 567 1851 ab
582 1794 668 1852 litore
682 1797 839 1870 templum.

75 1872 225 1944 Quattuor
240 1874 297 1944 hio,
311 1874 441 1948 primum
455 1891 551 1944 omen,
567 1891 659 1950 equqs
674 1875 705 1930 in
720 1877 855 1949 gramine
869 1878 933 1937 vidi

74 1951 248 2010 Tondentes
262 1970 401 2027 campum
416 1952 485 2022 lete,
501 1953 629 2011 candore
645 1954 747 2012 nivali.

75 2031 115 2088 Et
128 2038 215 2107 pater
229 2032 398 2089 Anchises:
421 2037 438 2062 “
448 2032 575 2103 Bellum,
591 2051 608 2090 ο
623 2039 703 2090 terra
716 2033 848 2108 hospita,
863 2042 985 2112 portast

73 2110 158 2168 Bello
170 2118 324 2168 armantur
335 2112 413 2186 equi,
425 2111 536 2168 bellum
546 2111 619 2170 hacc
632 2119 767 2169 armenta
778 2114 941 2176 minantur.
954 2119 1011 2177 540

74 2189 133 2248 Sed
147 2197 250 2248 tamen
262 2191 341 2248 idem
356 2191 426 2248 olim
441 2208 529 2248 curru
543 2192 699 2248 succedere
714 2191 793 2249 sueti

73 2270 297 2346 Quadrupedes,
313 2277 344 2328 et
357 2270 441 2328 frena
458 2272 533 2344 jugo
548 2271 706 2328 concordia
720 2272 814 2346 serre;

74 2349 150 2425 Spes
164 2356 195 2407 et
208 2351 322 2426 paciS‚’'
337 2350 388 2408 ait.
432 2350 510 2407 Tum
524 2351 648 2407 numina
662 2356 768 2408 sancta
781 2369 939 2427 precamur

73 2429 208 2487 Palladis
223 2430 400 2498 armisonae,
417 2447 493 2502 quae
508 2429 606 2505 prima
620 2430 734 2505 accepit
748 2437 884 2502 ovantes

74 2509 115 2567 Et
129 2510 229 2584 capita
244 2515 313 2566 ante
329 2527 397 2565 aras
412 2508 550 2583 Phrygio
565 2509 703 2566 velamur
717 2510 848 2583 amietu3
950 2512 1008 2572 545

72 2588 305 2663 Praeceptisque
320 2588 440 2657 Heleni,
457 2588 580 2645 dederat
594 2607 670 2663 quae
684 2589 825 2659 maxima,
841 2589 899 2647 rite

72 2667 186 2725 Junoni
201 2668 336 2741 Argivae
353 2669 456 2741 jussos
472 2668 627 2724 adolemus
643 2667 779 2726 honores

72 2746 164 2804 Haud
178 2765 279 2804 mora:
303 2747 444 2804 continuo
459 2747 598 2820 perlectis
613 2747 716 2804 ordine
731 2747 820 2818 votis,

71 2826 194 2885 Cornua
208 2827 377 2884 velatarum
392 2826 578 2883 obvertimus
593 2832 801 2896 antennarum,

72 2905 334 2980 Grajirgenquue
346 2905 451 2962 domos
464 2911 661 2980 suspectaque
672 2906 836 2980 linquimus
849 2923 930 2967 arva.
950 2910 1008 2967 550

71 2984 152 3042 Hinc
165 2986 249 3042 sinus
266 2983 416 3051 Herculei,
432 2983 458 3039 si
473 3001 545 3040 vcra
559 2990 606 3041 est
621 2984 709 3054 fama,
725 2984 849 3041 Tarenti

71 3063 229 3137 Comitum
252 3063 365 3121 attollit
380 3080 411 3119 ac
427 3063 499 3118 diva
514 3063 640 3120 Lacinia
655 3069 767 3134 contra,

72 3142 272 3215 Caulonisque
288 3158 371 3199 arces
385 3147 416 3198 et
430 3141 620 3215 navifragum
636 3141 822 3216 Scylaceum.

69 3221 147 3278 Tum
160 3221 261 3296 procul
276 3238 292 3276 e
308 3220 399 3277 fluctu
414 3220 570 3277 Trinacria
585 3221 717 3278 cernitur
730 3222 851 3297 Aetna;

71 3299 111 3357 ut
126 3299 272 3374 gemitum
287 3299 441 3372 ingentem
453 3299 554 3373 pelagi
568 3298 748 3374 pulsataque
763 3319 838 3358 saxa
949 3305 1010 3362 555

55 3378 216 3436 Audimus
229 3377 331 3456 longe,
349 3377 527 3458 fractasque
536 3377 576 3436 ad
588 3376 679 3436 litora
691 3395 800 3453 voces3
