2204 3676
373 186 530 236 vnacmr
555 185 692 233 rnnnrs
717 186 767 235 vr.
970 172 1030 235 133

88 335 139 395 Ac
153 335 282 396 velutin
296 337 391 413 pratis
405 337 457 395 ubi
471 354 542 411 apes
557 342 671 394 aestate
686 355 792 395 serena

91 415 233 474 Floribus
246 418 384 474 insidunt
398 417 490 474 variis
505 423 535 473 et
550 417 678 473 candida
693 418 803 474 circum

91 493 171 552 Lilia
185 497 361 566 funduntur,
377 497 484 572 strepit
498 497 596 553 omnis
610 514 760 554 murmure
774 513 907 572 campus.

92 575 249 633 Horrescit
263 577 332 633 visu
347 577 448 634 subito
463 594 631 650 causasque
646 577 770 650 requirit
971 576 1027 637 710

90 654 208 712 Inscius
223 655 354 726 Aeneas,
370 673 447 730 quae
462 656 524 712 sint
538 673 574 712 ea
589 654 712 711 flumina
726 673 823 730 porro,

90 735 189 807 Quive
205 735 260 792 viri
274 741 360 793 tanto
374 734 552 810 complerint
566 734 684 808 agmine
699 736 787 811 ripas

90 814 167 872 Tum
182 821 268 889 pater
282 815 450 872 Anchises:
474 814 636 883 “Animae,
653 815 761 889 quibus
777 815 871 873 altera
884 815 947 874 sato

90 894 225 970 Corpora
238 895 393 965 debentur,
409 893 537 951 Lethaei
553 894 591 951 ad
606 893 736 952 fluminis
750 895 862 952 undam

90 973 219 1031 Securos
233 975 338 1032 latices
352 980 383 1032 et
397 974 490 1048 longa
505 973 617 1030 oblivia
631 980 745 1047 potant.
969 975 1026 1036 715

90 1053 174 1130 [Has
188 1055 327 1130 equidem
341 1071 510 1111 memorare
522 1053 578 1110 tibi
595 1058 685 1127 atque
700 1055 857 1112 ostendere
873 1053 1000 1132 coram]

26 1132 277 1209 -JJampridem
292 1133 368 1190 hanc
381 1133 495 1209 prolem
511 1133 597 1206 cupio
613 1150 787 1191 enumerare
802 1151 945 1206 meorum,

68 1203 251 1226 Ἃ·
348 1214 354 1226 ·
775 1216 831 1254 υ-

22 1213 475 1368 ffpssuooplptngsaglthquiqnuegp
477 1213 771 1351 {dhaaeetleurrhherhecrrth
780 1294 949 1369 putandum
958 1300 1007 1352 est

27 1417 73 1451 A,
90 1370 240 1430 Sublimes
255 1373 378 1444 animae,
394 1374 562 1448 iterumque
577 1373 615 1428 ad
630 1373 718 1430 tarda
731 1374 841 1430 reverti
969 1374 1026 1435 720

91 1450 246 1527 Corpora?
289 1453 373 1525 Quae
388 1453 465 1510 lucis
481 1452 600 1510 miseris
615 1458 679 1509 tam
693 1454 758 1510 dira
773 1453 881 1528 cupido
892 1451 904 1510 l
915 1455 972 1500 ”-

90 1531 227 1589 “Dicam
241 1532 388 1608 equidem,
405 1550 459 1589 nec
474 1538 503 1589 te
519 1550 708 1606 suspensum,
724 1539 803 1603 nate,
819 1533 956 1601 tenebo,”

89 1609 222 1687 Suscipit
236 1612 395 1681 Anchisen,
413 1617 502 1686 atque
518 1611 621 1668 ordine
637 1612 757 1687 singula
771 1612 884 1686 pandit

130 1691 310 1766 “Principio
325 1691 442 1748 caelum
458 1709 491 1747 ac
506 1696 601 1748 terras
616 1708 799 1767 camposque
814 1691 973 1766 liquentes

89 1769 313 1846 lucentemque
327 1770 450 1845 globum
465 1770 562 1839 lunae,
580 1769 758 1845 Titaniaque
774 1777 862 1840 astra,
967 1772 1025 1832 725

27 1867 73 1946 7
90 1850 221 1925 Spiritus
235 1851 317 1908 intus
332 1850 395 1920 alit,
410 1854 567 1924 totamque
582 1849 682 1906 infusa
696 1867 748 1926 per
763 1856 846 1908 artus

89 1930 178 1987 Mens
194 1930 292 2004 agitat
306 1929 415 1987 molem
430 1934 460 1986 et
474 1947 586 2004 magno
602 1946 633 1985 se
648 1948 770 2004 corpore
785 1930 898 1988 miscet.

89 2009 165 2067 Inde
180 2008 336 2066 hominum
351 2010 558 2084 pecudumque
574 2027 671 2084 genus
687 2010 827 2084 vitaeque
842 2011 1009 2083 volantum,

89 2089 130 2146 Et
145 2107 222 2164 quae
237 2106 403 2147 marmoreo
418 2090 476 2145 fert
492 2095 627 2146 monstra
643 2089 699 2146 sub
715 2107 843 2165 aequore
858 2097 978 2166 pontus

88 2169 203 2244 Igneus
218 2173 266 2226 est
280 2168 348 2226 ollis
363 2169 452 2243 vigor
466 2174 497 2224 et
511 2168 649 2225 caelestis
664 2171 748 2243 origo
969 2172 1026 2231 730

89 2248 270 2319 Seminibus
287 2253 436 2325 quantum
450 2266 511 2304 non
526 2265 650 2323 corpora
664 2249 753 2305 noxia
768 2249 891 2305 tardant

87 2327 271 2403 Terrenique
286 2328 430 2386 hebetant
445 2333 529 2384 artus
544 2327 781 2402 moribundaque
796 2328 940 2384 membra.

89 2408 172 2466 Hinc
188 2413 336 2495 ⁴metuunt
357 2407 551 2484 cupiuntque,
574 2407 677 2464 dolent
699 2407 904 2481 gaudentque,
929 2421 1036 2482 neque·

207 2504 296 2545 auras

88 2566 263 2641 Dispiciunt
277 2567 395 2625 clausae
409 2567 541 2624 tenebris
556 2572 587 2625 et
601 2584 716 2625 carcere
731 2585 826 2625 caec0.

90 2648 172 2719 Quin
187 2655 219 2704 et
232 2665 372 2723 supremo
387 2665 477 2721 quum
495 2647 607 2704 lumine
623 2648 688 2704 vita
702 2648 832 2722 reliquit,
970 2646 1026 2706 735

89 2726 161 2784 Non
175 2731 277 2783 tamen
292 2744 379 2784 omne
394 2727 507 2784 malum
522 2727 640 2783 miseris
655 2745 709 2784 nec
724 2728 861 2784 funditus
877 2742 982 2782 omnes

91 2806 260 2879 Corporcae
274 2806 423 2873 excedunt
437 2813 547 2882 pastea,
562 2807 743 2882 penitusque
758 2823 880 2863 necesse
895 2811 942 2861 est

66 2852 193 2967 iMulta
205 2885 257 2942 diu
272 2890 410 2942 concreta
424 2886 523 2943 modis
537 2885 699 2943 inolescere
713 2887 805 2942 miris.

90 2965 174 3039 Ergo
188 2971 364 3022 exercentur
376 2965 490 3039 poenis,
508 2971 700 3039 veterumque
715 2965 862 3021 malorum

92 3044 251 3119 Supplicia
264 3043 445 3120 expendunt.
489 3043 578 3109 Aliae
593 3046 767 3118 panduntur
781 3045 888 3100 inanes
971 3043 1027 3104 740

92 3123 266 3200 Suspensae
281 3124 319 3180 ad
335 3128 450 3191 ventos,
468 3123 534 3180 aliis
550 3125 606 3180 sub
621 3125 740 3198 gurgite
756 3130 843 3179 vasto

92 3203 243 3262 Infectam
257 3203 368 3261 eluitur
382 3203 489 3270 scelus,
502 3209 553 3259 aut
568 3203 701 3259 exuritur
715 3203 787 3276 igni.

92 3283 228 3359 Quisque
242 3299 314 3341 suos
326 3281 598 3358 patimurManes:
620 3283 726 3339 exinde
740 3301 793 3357 per
808 3280 942 3357 amplum

92 3360 248 3421 Mittimur
261 3360 411 3437 Elysium,
428 3368 459 3420 et
472 3362 560 3438 pauci
573 3361 656 3420 laeta
669 3378 744 3422 arra
754 3367 900 3423 tenemus
906 3383 922 3435 χ

90 3438 195 3497 Danae
205 3439 298 3513 lunga
311 3440 378 3500 dies
401 3442 539 3520 perfecto
554 3446 710 3526 temporis
726 3447 815 3517 orbe,
990 3435 1056 3491 W
