2204 3676
65 165 109 229 26
355 179 512 230 666666
537 178 675 226 esurus
699 178 723 228 r.

65 331 152 388 Tune
167 330 217 389 ille
233 329 363 400 Aeneae,
380 348 468 405 quem
484 330 639 387 Dardanio
655 329 810 389 Anchisae

66 410 159 466 Alma
174 410 279 466 Venus
295 409 425 482 Phrygii
440 409 545 482 genuit
561 409 725 466 Simoentis
740 410 778 466 ad
794 403 929 464 undam?

66 489 169 564 Atque
184 489 323 564 equidem
339 488 486 544 Teucrum
502 488 625 544 memini
642 487 755 544 Sidona
770 488 871 543 venire

66 567 193 624 Finibus
207 568 366 640 expulsum
381 567 495 640 patriis,
512 585 592 623 nova
605 585 699 640 regua
711 572 864 641 petentem
950 565 1006 623 620

67 646 191 704 Auxilio
206 647 290 720 Bou,
313 647 431 720 genitor
444 651 511 701 tum
526 645 619 703 Belus
634 647 765 720 opimam

70 725 219 783 Vastabat
236 725 378 801 Cyprum,
394 731 425 782 et
440 726 535 782 victor
549 726 665 783 dicione
679 727 812 784 tenebat.

67 803 213 880 Tempore
224 807 288 879 jam
302 823 339 861 ex
354 805 405 861 illo
420 822 509 861 casus
524 805 599 861 mihi
614 806 752 878 cognitus
766 806 849 861 urbis

68 883 224 958 Trojauae‚
240 902 408 959 nomenque
422 890 519 954 tuum,
535 901 680 959 regesque
697 884 828 958 Pelasgi.

68 965 138 1040 lpse
154 964 251 1021 hostis
266 963 396 1021 Teucros
410 964 525 1037 insigni
541 965 629 1021 laude
643 964 766 1033 ferebat,
953 962 1009 1020 625

69 1044 166 1119 Seque
181 1050 280 1101 ortum
297 1045 422 1118 antiqua
437 1043 618 1100 Teucrorum
635 1044 671 1100 ab
686 1045 779 1117 stirpe
793 1043 923 1100 volebat.

69 1125 169 1196 Quare
184 1125 275 1198 agite,
292 1142 309 1181 ο
323 1124 413 1180 tectis
423 1125 551 1197 juvenes
567 1123 715 1179 succedite
730 1123 848 1179 uostris.

37 1247 57 1253 ..
69 1204 121 1260 Me
135 1221 254 1279 quoque
269 1221 324 1277 per
337 1204 450 1260 multos
466 1202 573 1259 similis
589 1203 709 1259 fortuna
723 1202 841 1259 labores

68 1284 90 1341 J
93 1290 226 1341 aetatem
242 1283 298 1339 hae
312 1283 432 1339 demum
448 1283 544 1338 voluit
558 1284 722 1339 consistere
736 1287 832 1338 terra:

69 1362 139 1420 Non
154 1365 261 1438 ignara
276 1363 348 1419 mali
363 1362 482 1418 miseris
498 1379 667 1418 succurrere
683 1362 798 1419 disee.’'
954 1359 1011 1418 630

71 1442 120 1500 sie
135 1448 290 1513 memorat,
307 1443 397 1500 simul
413 1442 541 1498 Aenean
556 1442 587 1497 in
602 1443 687 1515 regia
701 1441 783 1498 ducit

71 1524 173 1593 Tecta,
190 1522 278 1580 simul
294 1521 398 1579 divtm
412 1521 535 1595 templis
550 1521 657 1578 indicit
672 1521 822 1578 honorem

70 1602 135 1660 Nec
149 1603 250 1662 minus
264 1603 379 1660 interea
394 1601 484 1659 sociis
500 1601 538 1657 ad
553 1601 642 1657 litora
656 1601 752 1657 mittit

71 1681 193 1757 Viginti
207 1688 319 1751 tauros,
336 1699 513 1756 magnorum
529 1681 682 1737 horrentia
695 1685 815 1737 centum

72 1763 173 1838 Terga
188 1780 285 1830 suum,
300 1763 430 1837 pingues
445 1767 565 1817 centum
580 1778 648 1817 cum
662 1761 810 1816 matribus
825 1775 930 1832 agnos,
957 1753 1014 1815 035

73 1843 202 1900 Μ66666
216 1842 423 1915 laetitiamque
439 1841 487 1897 dii.

73 1923 118 1979 At
133 1922 240 1978 domus
254 1921 378 1977 interior
393 1920 489 1994 regali
504 1919 661 1994 splendida
675 1920 748 1976 luxu

30 2013 55 2030 ⁹·
73 2001 248 2071 Instruitur,
264 2000 431 2074 mediisque
446 2007 555 2074 parant
570 2000 711 2056 convivia
724 1999 828 2056 tectis:

75 2082 151 2138 Arte
167 2081 320 2137 laboratae
335 2084 436 2136 restes
453 2086 592 2152 ostroque
609 2080 744 2154 superbo,

74 2159 189 2235 Ingens
205 2165 364 2234 argentum
380 2160 502 2227 mensis,
519 2160 693 2232 caelataque
709 2159 826 2214 inaure
960 2155 1017 2212 640

75 2240 181 2298 Fortia
194 2239 275 2296 facta
289 2247 420 2312 patrum,
437 2240 528 2294 series
544 2238 723 2311 longissima
738 2255 837 2294 rerum

77 2321 137 2377 Per
150 2325 198 2376 tot
211 2320 302 2377 ducta
316 2318 397 2374 viros
413 2319 555 2392 antiquae
571 2318 610 2374 ab
624 2318 739 2392 origine
755 2317 864 2391 gennis.

32 2497 65 2504 ···
118 2479 239 2536 Aeneas
256 2479 366 2553 (neque
381 2478 461 2533 enim
476 2477 594 2552 patrius
609 2477 773 2533 consistere
787 2480 920 2532 mentem

78 2559 194 2617 Passus
209 2569 306 2631 emor)
322 2558 460 2631 rapidum
477 2558 514 2613 ad
530 2573 623 2612 naves
637 2556 805 2631 praemittit
817 2553 968 2622 Achaten,

77 2640 212 2699 Ascanio
227 2639 303 2694 ferat
318 2637 400 2703 haee,
417 2636 573 2710 ipsumque
589 2636 627 2692 ad
643 2636 762 2692 moenia
777 2634 885 2704 dueat3
962 2629 1019 2688 645

79 2719 185 2776 Omnis
199 2718 231 2775 iu
246 2717 381 2773 Ascanio
397 2716 457 2772 cari
474 2722 535 2772 stat
550 2732 621 2772 cura
635 2715 779 2789 parentis,

79 2799 207 2856 Munera
221 2802 376 2872 praeterea
391 2795 492 2851 Iliacis
508 2800 610 2869 erepta
624 2794 719 2851 ruinis

79 2879 168 2935 Ferre
180 2878 273 2952 jubet,
289 2876 401 2951 pallam
417 2874 513 2945 signis
529 2892 658 2948 auroque
673 2873 829 2948 rigentem,

80 2958 123 3015 Et
137 2959 367 3014 circumtextum
384 2972 486 3010 croceo
501 2956 640 3011 velamen
656 2953 794 3022 acantho,

81 3038 216 3094 Ornatus
231 3035 367 3108 Argivae
384 3033 527 3103 Helenae,
544 3050 619 3107 quos
636 3033 689 3089 illa
702 3032 849 3106 Mycenis,
963 3028 1020 3086 650

82 3117 231 3190 Pergama
245 3131 338 3189 quum
353 3117 469 3186 peteret
485 3112 735 3186 inconcessosque
750 3111 944 3186 hymenaeos

82 3196 249 3264 llxtulcret,
266 3192 372 3249 matris
387 3192 488 3249 Ledae
503 3191 642 3248 mirabile
655 3192 785 3263 donum3

84 3276 244 3332 Praeterea
258 3277 418 3345 sceptrum,
435 3271 532 3328 Ilione
547 3271 627 3344 quod
643 3275 781 3345 gesserat
794 3269 876 3340 olim,

71 3355 215 3410 Marma
228 3357 370 3410 natarum
388 3351 511 3420 Priami,
527 3350 662 3425 colloque
676 3349 788 3406 mouile
