2204 3676
91 189 132 254 22
376 204 536 256 vnnerm
559 203 699 253 nauare
723 203 749 254 1.

88 356 226 431 Namque
241 356 374 427 videbat,
389 356 435 413 uti
449 355 599 414 bellantes
615 355 766 431 Pergama
780 357 892 414 circum

90 437 157 494 Hac
172 437 311 510 fugerent
326 435 419 505 Graii,
436 447 585 509 premeret
600 435 730 509 Trojano
739 438 887 510 Juventus
902 458 909 510 3

89 515 157 573 Hac
173 517 321 589 Phryges
338 515 466 571 instaret
481 533 569 572 curru
584 516 728 573 cristatus
746 515 888 574 Achilles

87 594 117 652 N
119 614 152 653 ec
166 595 270 668 procul
285 595 355 651 hinc
371 593 466 651 Rhesi
482 595 580 652 niveis
595 595 726 651 tentoria
741 596 816 652 velis

88 673 240 749 Agnoscit
254 674 425 743 lacrimans,
441 675 538 747 primo
553 693 630 748 quae
645 675 766 749 prodita
781 691 886 732 somno
973 677 1009 734 47
1014 679 1030 733 0

88 753 221 828 Tydides
235 754 332 810 multa
348 753 490 810 vastabat
506 754 595 810 caede
610 760 760 822 cruentae,

91 832 298 907 Ardentesque
315 833 425 889 avertit
439 850 533 907 equos
548 834 578 889 iu
594 839 703 899 castra,
718 835 895 909 priusquam

88 912 204 969 Pabula
218 917 395 986 gustassent
410 913 517 986 Trojae
534 912 753 988 Xanthumque
768 912 924 970 bibissent.

87 992 178 1049 Parte
194 993 253 1048 alia
267 992 385 1066 fugiens
401 992 520 1049 amissis
536 992 655 1049 Troilus
671 993 770 1060 armis,

88 1071 197 1129 Infelix
209 1090 283 1146 puer
297 1077 387 1145 atque
402 1072 500 1146 impar
515 1089 695 1146 congressus
711 1071 833 1141 Achilli,
972 1074 1028 1131 475

87 1151 194 1208 Fertur
208 1151 301 1227 equis,
317 1169 462 1225 curruque
477 1151 582 1208 haeret
595 1152 755 1225 resupinus
769 1151 861 1221 inani,

87 1231 168 1288 Lora
198 1236 303 1288 tenens
332 1236 454 1305 tamen3
484 1231 554 1288 huic
584 1232 743 1306 cervixque
773 1248 936 1306 comaeque
969 1237 1028 1288 tra

205 1310 317 1367 huntur

87 1390 145 1446 Per
158 1395 278 1460 terram,
295 1395 326 1446 et
340 1407 428 1447 versa
442 1390 543 1466 pulvis
558 1389 733 1447 inscribitur
748 1389 843 1447 hasta,

85 1470 207 1527 Interea
221 1470 261 1527 ed
273 1470 418 1544 templum
434 1488 494 1527 non
510 1488 622 1545 aequae
639 1470 776 1526 Palladis
790 1470 877 1526 ibant

86 1548 228 1606 Crinibus
243 1549 356 1606 Iliades
371 1551 479 1623 passis,
495 1551 676 1624 peplumque
691 1549 835 1617 ferebant,
971 1551 1028 1607 480

87 1627 267 1704 Suppliciter
281 1629 385 1685 tristes
400 1634 430 1686 et
444 1634 552 1686 tunsae
567 1634 691 1705 pectora
703 1628 830 1703 palmis3

85 1708 167 1765 Dira
182 1708 245 1765 solo
259 1707 334 1765 fixos
351 1709 452 1764 oculos
468 1727 575 1768 aversa
588 1709 720 1766 tenebat.

85 1788 145 1844 Ter
159 1788 269 1845 circum
283 1787 394 1844 Iliacos
410 1793 585 1861 raptaverat
600 1788 735 1844 Hectora
749 1805 860 1858 muros,

85 1866 327 1941 Exanimumque
342 1885 415 1924 auro
431 1885 539 1941 corpus
554 1867 707 1924 vendebat
721 1867 866 1926 Achilles.

85 1946 162 2002 Turn
178 1965 248 2002 vero
263 1947 417 2020 ingentem
432 1948 579 2020 gemitum
594 1947 647 2004 dat
660 1952 779 2021 pectore
795 1947 833 2004 ab
847 1947 917 2018 imo,
970 1946 1025 2002 485

85 2026 131 2083 Ut
145 2026 249 2100 spolia,
266 2032 300 2082 ut
314 2044 426 2095 currus
443 2032 535 2101 utque
550 2027 648 2102 ipsum
663 2043 771 2099 corpus
786 2026 882 2095 amici,

85 2105 331 2179 Tendentemque
346 2124 454 2163 manus
470 2105 624 2162 Priamum
638 2105 794 2179 conspexit
807 2105 944 2162 inermes.

86 2185 125 2244 Se
140 2203 257 2261 quoque
271 2185 454 2260 principibus
468 2187 648 2260 permixtum
664 2184 789 2258 agnovit
804 2184 942 2254 Achivis,

85 2264 224 2340 ansque
240 2265 318 2320 acies
333 2269 364 2321 et
378 2264 457 2338 nigri
473 2265 646 2322 Memnonis
662 2281 751 2320 arnna.

84 2344 176 2401 Ducit
190 2344 411 2401 Amazonidum
426 2344 539 2415 lunatis
554 2345 677 2418 agmina
690 2342 781 2418 peltis
970 2341 1025 2397 490

85 2423 279 2481 Penthesilea
292 2423 402 2493 iurene,
419 2424 586 2497 mediisque
602 2424 633 2479 in
648 2423 769 2479 milibus
784 2421 878 2492 ardet,

84 2503 189 2560 Aurea
204 2504 384 2560 subnectens
399 2510 535 2560 exsertae
552 2503 672 2577 cingula
685 2519 844 2572 mammae,

84 2582 239 2654 BellatrIx,
256 2583 404 2658 audetque
419 2583 494 2640 viris
510 2599 683 2640 concurrere
699 2581 793 2655 virge.

124 2742 210 2800 Haec
224 2742 295 2799 dum
312 2740 468 2798 Dardanio
485 2741 606 2798 Aeneae
621 2739 760 2797 miranda
774 2739 923 2808 videntur,

85 2821 166 2880 Dum
182 2827 292 2895 stupet,
307 2822 474 2895 obtutuque
490 2821 594 2878 haeret
608 2820 721 2877 defixus
736 2820 768 2875 ln
782 2836 851 2887 uno,
967 2815 1023 2873 495

84 2902 205 2975 Regiae
221 2902 258 2957 ad
273 2901 428 2974 templum,
444 2900 539 2957 forma
553 2899 753 2975 pulcherrIma
768 2898 856 2968 Dido,

84 2982 222 3049 Incessit,
238 2998 352 3053 magna
362 2982 508 3054 juvenum
524 2981 655 3054 stipante
671 2985 799 3035 caterva.

85 3061 192 3134 Qualis
208 3060 239 3114 in
254 3060 386 3116 Eurotae
401 3059 475 3134 ripis
491 3065 544 3117 aut
557 3060 695 3134 porjuga
711 3055 827 3132 Cynthi

84 3139 213 3197 Exercet
228 3139 328 3196 Diana
341 3138 457 3208 choree,
474 3156 563 3212 quam
578 3138 658 3195 mille
674 3143 795 3194 secutae

85 3219 167 3276 Hinc
174 3223 263 3293 atque
271 3217 340 3274 hinc
347 3216 554 3292 glomerantur
562 3216 696 3274 Oreades
706 3236 712 3290 3
722 3215 954 3289 illapharetram
965 3214 1023 3272 500

81 3296 156 3354 Fert
170 3298 303 3366 humero,
320 3297 520 3371 gradiensque
535 3296 608 3354 deas
622 3296 823 3369 supereminet
837 3308 961 3365 omnes;

65 3374 228 3444 (Latonae
243 3376 374 3435 tacitum
389 3381 568 3454 pertentant
583 3376 695 3452 gaudia
707 3380 813 3450 pectus
822 3373 845 3448 ς)
