2204 3676
366 217 525 266 vuaelnl
549 217 690 266 assius
716 218 740 267 1.

73 369 91 396 “
101 366 233 440 Jupiter,
251 365 425 441 hospitibus
439 385 510 424 nam
525 372 556 424 te
572 368 642 424 dare
653 369 722 442 jura
737 369 910 444 loquuntur,

75 444 168 503 Hunc
183 446 298 502 laetum
314 445 472 520 Tyriisque
493 447 573 503 diem
589 447 735 522 'Projaque
749 448 892 523 profectis

74 523 151 582 Esse
168 525 253 592 velis,
270 530 450 599 nostrosque
465 524 555 599 hujus
570 527 743 584 meminisse
758 526 910 585 minoresi

75 604 168 661 Adsit
182 603 317 660 laetitiae
333 603 471 661 Bacchus
487 605 583 673 dator,
599 611 630 661 et
645 605 724 662 bona
738 607 760 664 J
762 606 839 665 unoi

75 682 116 740 Et
130 701 194 754 vos,
211 701 237 752 o,
254 687 381 752 coetum,
398 683 491 757 Tyrii,
508 684 656 740 celebrate
672 684 853 744 faventesi”
968 689 1022 747 735

75 763 170 832 Dixit,
185 768 217 819 et
232 763 263 818 in
277 780 412 820 mensam
428 763 552 820 laticum
567 763 674 819 libavit
686 762 840 835 honorem,

77 842 245 917 Primaque,
262 842 365 910 libato,
382 860 500 899 summo
516 848 604 898 tenus
621 842 726 916 attigit
741 861 808 916 ore,

76 921 153 978 Tum
167 922 266 979 Bitiae
281 922 364 978 dedit
377 922 560 996 increpitans
573 943 579 996 ;
601 922 652 978 ille
667 922 796 997 impiger
812 923 916 980 hausit

78 1001 275 1076 Spumantem
290 1007 435 1074 pateram,
451 1009 482 1056 et
495 1002 583 1076 pleno
599 1019 631 1058 se
645 1001 757 1077 proluit
773 1020 862 1076 auro;

77 1080 151 1138 Post
166 1080 219 1137 aiii
232 1098 377 1156 proceres.
423 1081 550 1138 Cithara
564 1081 690 1151 crinitus
705 1081 797 1157 Iopas
964 1082 1022 1141 740

76 1159 224 1217 Personat
239 1166 353 1229 aurata,
370 1160 472 1217 docuit
487 1179 577 1235 quem
592 1161 741 1217 maximus
756 1161 856 1220 Atlas.

76 1239 135 1297 Hie
150 1241 233 1297 canit
247 1245 396 1296 errantem
411 1240 512 1296 lunam
529 1241 661 1316 solisque
677 1241 804 1310 labores,

75 1319 163 1376 Unde
174 1319 329 1376 hominum
339 1338 435 1394 genus
447 1326 478 1376 ot
489 1321 627 1395 pecudes,
638 1321 716 1377 uude
728 1321 824 1378 imber
835 1326 866 1377 et
875 1321 971 1395 ignes,

73 1398 239 1456 Arcturum
254 1399 433 1474 pluviasque
450 1399 580 1474 Hyadas
597 1401 792 1475 geminosque
809 1401 946 1473 Triones,

73 1479 154 1553 Quid
170 1484 290 1535 tantum
305 1496 417 1536 oceano
432 1484 593 1553 properent
609 1497 640 1535 se
655 1479 794 1553 tinguere
810 1481 890 1536 soles
967 1479 1022 1538 745

74 1558 213 1628 Hiberni,
229 1559 277 1614 vel
293 1577 369 1632 quae
384 1559 479 1615 tardis
494 1576 579 1616 mora
594 1559 732 1615 noctibus
748 1560 855 1617 obstet.

72 1638 270 1712 Ingeminant
284 1638 392 1714 plausu
407 1638 500 1712 Tyrii,
518 1639 671 1712 Troesque
687 1645 862 1712 sequuntur.

74 1717 139 1774 Neo
153 1736 215 1774 non
229 1724 259 1775 et
274 1718 359 1774 vario
375 1724 493 1774 noctem
509 1735 645 1774 sermone
660 1718 803 1774 trahebat

73 1797 185 1854 Infelix
200 1797 287 1865 Did0,
304 1797 486 1871 longumque
502 1798 624 1854 bibebat
639 1815 782 1868 amorem,

75 1876 176 1934 Multa
185 1895 274 1952 super
285 1877 406 1933 Priamo
418 1877 562 1950 rogitans,
574 1894 664 1954 super
676 1877 807 1934 Hectore
819 1877 934 1951 multa,
966 1877 1022 1936 750

75 1957 171 2026 Nunc,
187 1957 296 2031 quibus
312 1956 448 2013 Aurorae
464 1957 596 2012 venisset
622 1955 700 2013 filius
715 1958 815 2028 armis,

76 2036 170 2106 Nune,
187 2036 292 2111 quales
308 2035 464 2092 Diomedis
479 2036 556 2109 equi,
573 2053 660 2104 nuno,
673 2043 805 2111 quantus
818 2036 963 2094 Achilles

78 2117 201 2174 “Immo
218 2134 283 2189 age,
299 2118 330 2170 et
344 2132 362 2170 a
376 2114 482 2188 prima,
499 2115 555 2186 dio,
572 2115 690 2189 hospes,
701 2116 823 2190 'origine
839 2116 925 2174 nobis

77 2196 209 2254 Insidias
220 2198 236 2228 ’³
252 2194 349 2268 inquit
364 2198 380 2222 ‘²
393 2192 541 2264 Danarim,
558 2211 705 2268 casusque
721 2200 851 2266 tuorum,

48 2324 51 2329 .
78 2275 258 2349 Erroresque
273 2279 359 2345 tuos;
380 2290 451 2329 nam
466 2278 496 2329 te
506 2275 571 2347 jam
588 2274 718 2348 septima
732 2282 834 2349 portat
967 2274 1023 2345 755

78 2352 223 2420 Omnibus
237 2358 388 2410 ementem
403 2352 490 2409 terris
505 2359 536 2410 et
551 2351 693 2411 fluetibus
710 2355 843 2413 aestas.''
