2204 3676
359 202 517 254 ursam
541 200 682 251 aurula
705 202 746 252 11.
980 190 1022 255 00

77 369 201 428 “Venit
215 387 335 427 summa
349 369 414 427 dies
427 374 459 427 et
472 367 664 429 ineluctabile
678 374 799 445 tempus

76 448 262 508 Dardaniae.
305 449 432 507 Fuimus
447 449 550 520 Troes,
562 449 619 507 fuit
633 449 724 506 Ilium
739 454 770 506 et
783 449 891 524 ingens
963 450 1019 508 325

78 529 182 588 Gloria
196 529 398 602 Teucrornn13
420 529 501 586 ferus
517 529 617 586 omnio
631 528 752 603 Jupiter
766 528 869 602 Argos

77 607 256 677 Transtulit,
271 609 395 665 incensa
410 607 511 665 Danai
526 608 720 665 dominantur
734 607 765 663 in
780 607 869 668 urbe.-

77 687 202 745 Arduus
211 693 351 763 *armatos
366 687 519 744 mediisin
533 687 691 744 moenibus
706 687 834 743 adstans

76 765 192 824 Fundit
206 784 309 841 equus,
327 766 480 841 victorque
497 766 592 824 Sinon
607 766 746 823 incendia
760 766 867 823 miscet

77 846 242 904 Insultans,
287 845 389 902 Portis
404 845 454 902 alii
470 845 676 920 bipatentibus
691 845 810 914 adsunt,
959 845 1018 903 330

76 924 165 982 Milia
178 931 252 1000 quot
266 925 386 998 magnis
401 943 543 1000 nmquam
560 942 667 982 venero
683 923 838 1000 Mycenis;

77 1003 230 1062 Obsedere
247 1005 299 1060 alii
313 1003 383 1061 telis
398 1010 530 1078 angusta
545 1005 662 1061 viarum

76 1082 236 1159 Oppositi3
258 1089 320 1141 stat
335 1084 403 1140 ferri
419 1085 498 1140 acies
514 1101 654 1141 mucrone
669 1101 792 1141 corusco

76 1162 197 1233 Stricta,
213 1169 321 1238 parata
335 1164 419 1236 neci:
442 1164 493 1219 vix
506 1162 596 1239 primi
611 1164 725 1239 proelia
739 1168 859 1221 tentant

76 1242 236 1300 Portarum
251 1243 368 1316 vigiles,
384 1249 415 1300 et
429 1260 516 1300 caeco
532 1242 632 1300 Marte
647 1244 821 1301 resistunt.''
958 1240 1015 1299 335

113 1402 239 1461 Talibus
256 1402 431 1476 Othryadae
447 1402 534 1460 dictis
548 1407 580 1460 et
593 1403 714 1460 numine
729 1401 832 1458 divirrn

75 1480 110 1538 In
126 1481 263 1538 flammas
278 1488 309 1539 ct
323 1483 354 1538 in
369 1500 453 1539 arma
467 1484 553 1552 feror,
569 1500 628 1557 quo
643 1482 742 1538 tristis
757 1481 880 1556 Erinys,

75 1561 141 1632 Quo
157 1561 294 1618 fremitus
308 1568 398 1618 vocat
412 1567 443 1618 et
458 1562 596 1618 sublatus
612 1561 649 1619 ad
665 1561 787 1618 aethera
802 1561 922 1618 clamor.

74 1640 203 1698 Addunt
217 1658 248 1696 55
264 1641 362 1697 socios
377 1634 515 1717 Riphe'ns
530 1647 560 1698 et
574 1641 723 1697 maximus
739 1640 830 1697 armis

74 1718 205 1795 Epytus
220 1719 314 1777 oblati
328 1737 381 1795 per
395 1720 505 1790 lunam,
524 1720 724 1796 Hypanisque
740 1719 925 1794 Dymasque,
956 1723 1014 1782 340

74 1797 115 1857 Et
130 1799 216 1856 lateri
233 1800 441 1874 agglomerant
458 1806 570 1869 nostro,
582 1801 763 1874 juvenisque
779 1797 943 1868 Coroebus,

74 1877 297 1953 Mygdonides:
318 1879 378 1935 illis
394 1880 432 1936 ad
448 1879 568 1953 Trojam
583 1880 659 1936 forte
675 1879 780 1936 diebus

73 1956 216 2022 Venerat.
231 1958 338 2016 insano
355 1957 547 2016 Cassandrae
563 1960 702 2016 incensus
718 1975 825 2026 amore,

73 2036 114 2094 Et
128 2055 220 2111 gener
235 2038 381 2094 auxilinm
396 2038 519 2096 Priamo
534 2038 767 2113 Phrygibusque
782 2035 907 2106 ferebat,

72 2115 191 2183 Infelix,
207 2117 258 2192 qui
273 2135 334 2175 non
349 2134 477 2192 sponsae
491 2125 652 2194 praecepta
666 2117 792 2174 furentis
957 2120 1014 2182 345

71 2196 221 2255 Audierit.

73 2276 156 2348 Quos
172 2277 223 2333 ubi
239 2277 389 2335 confertos
404 2279 514 2336 audere
531 2278 561 2334 in
575 2278 689 2353 proelia
704 2277 776 2348 vidi,

71 2356 188 2431 Incipio
203 2373 293 2431 snper
308 2356 372 2414 his:
395 2363 412 2387 ⁴‘
422 2358 443 2415 J
447 2375 567 2427 aranea,
583 2359 749 2416 fortissima
764 2359 877 2419 frustra

72 2434 208 2506 Pectora,
224 2436 249 2493 si
266 2436 352 2493 vobis
368 2438 530 2494 audentem
545 2444 680 2494 extrema
694 2440 803 2512 cupido

72 2515 165 2574 Certa
179 2517 272 2591 sequi,
288 2534 365 2590 quac
380 2517 420 2573 sit
434 2517 524 2574 rebus
540 2518 668 2586 fortuna,
685 2517 802 2578 videtis.
957 2523 1015 2581 350

71 2593 237 2652 Excessere
253 2614 366 2665 omnes,
383 2597 488 2672 adytis
503 2597 621 2671 arisque
636 2597 759 2670 relictis,

72 2673 122 2744 Di,
138 2675 247 2749 quibus
262 2675 421 2749 imperium
437 2675 493 2734 hoc
508 2682 567 2732 stet
569 2683 633 2732 erat
644 2697 649 2709 ·
621 2677 845 2748 t,succnrritis
861 2680 927 2736 urbi

72 2753 236 2812 15555555;
259 2756 430 2823 moriamur,
447 2755 501 2811 ct'
494 2772 525 2811 m
540 2755 641 2812 media
655 2774 739 2813 arrna
753 2775 885 2816 ruamus.

72 2833 144 2890 Una
159 2834 243 2891 salus
259 2835 320 2891 vict
322 2834 356 2904 is,
308 2835 488 2891 tnullam
504 2851 624 2909 sperare
640 2831 777 2894 salntem
782 2840 798 2869 '’

74 2912 125 2969 Sic
140 2915 250 2970 anioris
260 2916 407 3005 juvenum
422 2914 504 2971 furor
519 2914 649 2973 additus.
693 2916 768 2972 Inde
771 2918 855 2991 ,lupi
871 2908 926 2973 cell
959 2919 1015 2973 355

73 2992 158 3068 Rapt
159 3011 226 3051 ores
242 3001 309 3051 atra
324 2994 355 3049 in
370 2993 488 3062 nebula,
506 3011 581 3068 quos
597 2994 733 3086 improba
748 2997 902 3057 ventris

73 3070 186 3147 Exegit
200 3091 305 3130 555555
321 3073 428 3142 rabios,
446 3073 598 3163 catulique
614 3075 711 3131 relicti
896 3131 898 3141 ,

74 3151 226 3210 Faucibus
240 3158 418 3227 exspectant
433 3152 529 3221 siccis,
545 3170 599 3227 per
612 3154 681 3223 tela,
697 3171 750 3228 per
765 3153 834 3212 host
821 3159 896 3212 555

74 3231 222 3290 Vadimus
229 3230 480 3290 hauddubrarnrn
487 3249 552 3288 mor
553 3233 806 3309 em,medracquc
814 3230 953 3294 tenemus

75 3311 167 3369 Urbis
180 3312 255 3382 iter:
276 3325 336 3368 nox
350 3316 417 3366 atra
431 3327 507 3367 cava
521 3310 719 3369 circumvolat
732 3313 846 3372 umbra
889 3338 891 3343 >
961 3312 1017 3370 360

75 3391 150 3461 Quis
164 3389 276 3445 cladem
291 3389 374 3444 illins
387 3389 495 3460 noctis,
513 3389 582 3466 quis
597 3388 706 3452 tir-uera
719 3390 814 3456 tando
