2204 3676
28 206 31 214 =
102 174 164 238 124
382 189 539 239 veneror
565 190 704 237 anunm
729 191 779 240 vr.

101 338 188 411 Quod
202 345 232 397 te
247 357 300 413 per
314 339 388 397 caeli
398 341 410 413 j
415 341 564 397 dcundum
578 340 679 398 lumen
693 347 724 398 et
739 359 837 412 auras,

101 418 159 475 Per
174 419 340 492 genitorem
355 437 414 487 oro,
430 436 483 493 per
497 438 567 494 spes
582 422 735 494 surgentis
749 421 817 490 Iuli,

99 497 189 572 Eripe
204 517 251 554 me
267 498 322 566 hie,
339 499 458 565 invicto,
474 500 580 556 malis:
603 507 655 556 ant
669 507 703 556 tu
718 500 793 557 mihi
807 508 918 560 terrem
980 506 1035 565 335

98 576 199 651 Injice,
218 578 362 652 (namque
374 578 484 651 potes)
499 584 662 653 portusque
677 580 793 653 require
809 581 955 656 Velinos;

98 657 164 716 Aut
177 663 220 726 tu,
236 657 260 713 si
277 675 336 730 qua
351 657 401 712 via
414 662 468 726 est,
485 657 510 713 si
524 675 614 730 quam
630 658 684 714 tibi
698 659 769 715 diva
784 661 912 718 creatrix

99 735 248 805 Ostendit,
266 735 481 810 (nequeenim,
498 737 594 805 credo,
612 737 676 794 sine
691 739 814 796 numine
829 739 935 797 diutim

98 816 240 873 Flumina
253 820 341 872 tanta
353 832 442 889 paras
459 815 656 891 Stygiamque
671 817 774 874 innare
789 819 955 896 paludem)

98 895 148 952 Da
163 896 297 952 dextram
313 894 429 963 miser0,
445 899 477 951 et
490 901 589 952 tecum
605 913 650 952 me
665 895 736 953 tolle
751 914 804 970 per
818 898 925 969 undas,
976 899 1035 961 370

98 974 228 1032 Sedibus
243 980 276 1031 ut
291 975 398 1031 saltem
414 974 541 1047 placidis
555 975 586 1031 in
601 981 697 1032 morte
711 977 894 1050 quiescam.”

97 1055 185 1112 Talia
199 1054 279 1110 fatus
293 1057 367 1122 eret,
384 1054 481 1128 coepit
496 1072 585 1128 quum
601 1055 677 1111 talia
689 1061 794 1114 vates:

98 1134 215 1190 “Unde
231 1133 312 1202 haec,
330 1151 347 1189 o
363 1132 513 1202 Palinure,
530 1134 583 1190 tibi
599 1139 661 1190 tem
676 1135 741 1192 dira
755 1133 884 1210 cupido?

97 1213 144 1270 Tu
160 1213 285 1287 Stygias
299 1211 475 1268 inhumatus
492 1230 584 1287 aquas
600 1232 775 1289 amnemque
792 1231 932 1272 severum

97 1292 298 1350 Eumenidum
314 1292 449 1366 aspicies,
466 1292 601 1365 ripamve
617 1293 749 1368 injussus
764 1291 883 1351 adibis?
973 1293 1034 1356 375

97 1372 209 1429 Desine
224 1373 287 1428 fata
302 1368 390 1427 deirnr
407 1371 484 1427 flecti
500 1389 618 1446 sperare
634 1373 792 1446 precando

97 1453 156 1510 Sed
171 1471 243 1526 cape
258 1452 339 1509 dicta
353 1468 475 1520 memor,
493 1450 559 1507 duri
575 1452 684 1509 solatia
697 1471 792 1511 casus,

96 1532 175 1590 Nam
190 1538 243 1588 tna
258 1531 385 1600 finitimi,
401 1531 491 1603 longe
506 1531 625 1606 lateque
639 1549 692 1606 per
705 1534 802 1604 arbee,

97 1612 247 1685 Prodigiis
263 1611 322 1668 acti
337 1610 526 1677 caelestibus
543 1628 614 1667 ossa
627 1612 762 1686 piabunt,

96 1691 137 1750 Et
151 1696 285 1748 statuent
300 1690 458 1759 tumulum,
474 1696 504 1747 et
518 1690 635 1748 tumulo
650 1692 806 1748 sollemnia
819 1691 952 1764 mittent,
973 1693 1033 1751 380

95 1773 321 1845 Aeternumque
336 1770 419 1827 loeus
436 1770 570 1826 Palinuri
586 1788 694 1828 nomen
709 1770 858 1828 habebitr’

96 1851 154 1907 His
170 1851 257 1908 dictis
272 1867 360 1907 curae
374 1855 499 1919 emotae,
517 1849 682 1924 pulsusque
696 1867 857 1925 parumper

96 1931 193 1989 Corde
208 1929 292 1987 dolor
306 1928 386 1985 tristi
398 1949 405 2002 3
427 1930 540 2003 gaudet
554 1930 731 2004 cognomine
746 1936 852 1987 terrae.

134 2089 216 2164 Ergo
231 2089 288 2147 iter
303 2089 454 2164 inceptum
467 2093 626 2164 peragunt,
642 2087 792 2163 fluvioque
805 2087 1018 2164 propinquant

15 2221 16 2224 ,
94 2168 208 2226 Navita
223 2187 297 2244 quos
306 2171 370 2243 jam
385 2169 453 2225 inde
469 2174 502 2224 ut
518 2168 630 2242 Stygia
644 2169 797 2242 prospexit
812 2169 849 2224 ab
864 2168 946 2225 unda
972 2169 1029 2226 385

95 2250 153 2306 Per
167 2250 293 2306 tacitum
308 2265 414 2304 nemus
428 2248 470 2304 ire
484 2248 649 2322 pedemque
665 2247 819 2304 advertere
835 2247 928 2322 ripae,

94 2329 143 2387 Sic
157 2330 237 2403 prior
252 2329 427 2402 aggreditur
441 2327 538 2396 dietie,
556 2333 645 2401 atque
659 2327 792 2401 increpat
806 2327 899 2384 ultro:

95 2410 266 2483 “Quisquis
282 2427 321 2473 ee,
339 2412 472 2464 armatus
487 2407 538 2481 qui
553 2413 657 2462 nostra
671 2406 709 2463 ed
724 2405 848 2462 flumina
862 2405 973 2477 tendis

94 2488 169 2545 Fare
186 2508 250 2562 age,
260 2488 330 2562 qnid
344 2488 455 2555 venias,
466 2488 529 2560 jam
547 2487 645 2553 istinc,
655 2492 686 2542 et
700 2486 862 2560 comprime
878 2502 1027 2559 gressum.

93 2567 274 2624 Umbrarum
290 2566 336 2623 hie
351 2567 434 2622 loeus
449 2573 503 2635 est,
518 2565 622 2623 Somni
635 2565 800 2640 Noctisque
816 2581 959 2639 soporae:
971 2568 1029 2624 390

95 2648 227 2721 Corpora
245 2647 313 2702 viva
328 2647 412 2702 nefas
429 2645 539 2720 Stygia
554 2652 672 2702 vectare
687 2645 794 2702 carina.

93 2727 157 2785 Nec
171 2745 242 2783 voro
258 2725 385 2782 Alciden
401 2743 447 2780 me
463 2743 529 2781 euru
544 2725 674 2781 laetatus
689 2730 810 2781 euntem

93 2808 255 2882 Accepisse
270 2806 344 2873 lacu,
360 2822 414 2860 nee
429 2803 548 2860 Thesea
564 2804 801 2878 Pirithoumque,

94 2886 149 2943 Dis
163 2901 344 2961 quamquam
360 2883 456 2957 geniti
472 2889 561 2957 atque
577 2884 680 2940 invicti
695 2884 809 2940 viribus
823 2885 934 2940 essent.

93 2965 269 3022 Tartareum
285 2964 334 3019 ille
349 2981 439 3018 manu
455 2964 610 3019 custodem
625 2963 656 3018 in
671 2963 770 3020 vincla
784 2961 902 3036 petivit,
970 2961 1028 3019 395

93 3044 194 3119 Ipsius
210 3063 226 3100 a
242 3043 318 3100 solio
333 3043 422 3115 regie,
438 3043 588 3116 traxitque
603 3048 799 3114 trementem

94 3124 136 3180 Hi
151 3125 301 3180 dominam
318 3122 400 3178 Ditis
415 3122 548 3177 thalamo
564 3122 708 3178 deducere
723 3120 849 3178 adorti.’'

93 3204 176 3275 Quae
192 3209 295 3259 eontra
309 3203 441 3258 breviter
456 3201 518 3257 fata
533 3206 580 3257 est
596 3201 785 3275 Amphrysia
800 3204 906 3257 vates:

94 3282 229 3338 “Nullae
244 3282 292 3337 hie
306 3280 433 3337 insidiae
449 3280 533 3348 talea,
551 3279 678 3346 (absiste
693 3279 831 3351 moveri)

76 3359 146 3416 Nec
163 3361 223 3418 rim
241 3361 304 3419 tela
319 3361 439 3436 ferunt,
460 3360 534 3418 licet
545 3358 656 3434 ingens
666 3359 776 3433 ianitor
791 3363 878 3415 antro
921 3431 923 3435 Ι
965 3362 1037 3439 ,4⁰92
