2204 3676
352 225 510 274 vnaernr
536 226 673 274 anama
698 227 748 276 1v.
978 211 1018 278 8'1

80 375 147 434 Hoc
162 377 259 435 selum
276 394 385 434 nomen
399 364 542 452 qdeh‘iam
557 377 593 434 de
609 380 735 452 conjuge
749 383 854 435 restet.

81 454 157 526 Quid
170 455 292 514 meror?
310 475 356 526 an,
368 475 436 514 mea
448 457 634 531 Pygmalion
643 458 714 513 dum
725 458 844 514 moenia
853 457 946 515 irater
961 460 1017 516 335

79 531 233 606 Destruet,
250 541 304 592 aut
317 543 436 610 captam
451 537 543 592 ducet
558 536 706 594 Gaetulus
722 534 850 593 Iarbas?

68 610 194 679 §altem
209 616 235 672 si
251 633 311 690 qua
325 614 398 671 mihi
412 615 449 672 de
465 621 494 672 te
510 623 652 689 suscepta
667 616 776 673 fuisset

78 692 159 750 Ante
175 692 279 769 fugam
295 695 423 763 suboles,
439 695 465 751 si
481 695 549 770 quis
564 695 640 751 mihi
656 695 802 769 parvulus
816 695 888 752 aula

79 769 213 830 Luderet
228 775 358 844 Aeneas,
374 775 469 848 quite
484 780 587 831 tamen
603 791 652 831 ere
667 775 797 842 referret,

77 848 146 907 Non
160 854 301 929 equidem
315 854 437 909 omnine
452 860 541 927 capta
556 872 591 910 ac
606 854 725 911 deserta
740 853 886 911 viderer.’'
957 859 1016 914 330

114 1009 259 1085 Dixerat3
282 1013 331 1070 ille
346 1013 368 1070 J
370 1014 437 1070 evis
452 1014 576 1071 monitis
591 1014 718 1070 immota
732 1014 855 1072 tenebat

78 1087 218 1160 Lumina,
233 1099 264 1150 et
279 1093 407 1150 obnixus
421 1111 525 1150 curam
541 1094 596 1150 sub
612 1095 700 1151 corde
715 1096 880 1169 premebat.

77 1167 213 1228 Tandem
226 1190 324 1247 pauca
338 1172 444 1230 refert:
469 1178 486 1203 “
497 1173 564 1246 Ego
579 1180 618 1244 te,
635 1192 711 1249 quae
727 1174 856 1248 plurima
871 1174 962 1231 fando

77 1246 261 1308 Enumerare
277 1252 370 1322 valea,
386 1269 562 1327 numquam,
578 1254 693 1327 regine,
711 1254 827 1325 negabo

76 1325 284 1400 Promeritam,
300 1348 354 1387 nec
370 1349 417 1388 mc
432 1332 607 1388 meminisse
622 1333 740 1407 pigebit
755 1332 883 1401 Elissae,
954 1336 1011 1392 335
1059 1346 1071 1363 ”

77 1411 157 1469 Dum
172 1428 286 1466 memor
300 1411 362 1485 ipse
378 1411 446 1481 mei,
463 1413 534 1468 dnm
549 1413 675 1486 spiritns
691 1412 746 1468 hos
761 1413 840 1484 regit
856 1417 949 1467 artus,

77 1490 135 1547 Pro
151 1507 181 1546 re
195 1508 292 1564 pauca
306 1491 419 1565 loquar.
463 1490 568 1565 Neque
580 1509 637 1565 ego
649 1491 725 1547 hanc
738 1490 918 1546 abscondere
934 1490 1013 1549 furto

77 1569 204 1644 Speravi
218 1572 270 1644 (ne
286 1569 380 1646 finge)
397 1571 509 1643 fugam,
527 1588 580 1628 nec
594 1570 730 1644 conjugis
746 1587 889 1644 umquem

76 1649 367 1729 Praetendistaedas,
386 1662 438 1705 aut
455 1649 528 1706 haec
543 1651 573 1707 in
589 1651 708 1706 foedera
724 1649 801 1705 reni.

75 1728 126 1786 Mc
142 1729 167 1786 si
182 1729 245 1785 fata
260 1729 336 1785 meis
351 1735 527 1803 paterentur
541 1731 647 1786 ducere
664 1731 756 1786 vitam
953 1732 1012 1786 340

75 1808 229 1884 Auspiciis
243 1813 274 1865 et
288 1813 395 1883 sponte
409 1826 477 1866 mea
490 1828 669 1883 componere
684 1827 779 1876 curas,

75 1887 188 1944 Urbem
203 1888 365 1961 Trojanem
380 1889 509 1962 primum
526 1889 685 1963 dulcesque
700 1906 835 1944 meorum

75 1967 233 2042 Reliquias
247 1968 384 2037 celerem,
400 1968 533 2044 [Priami
548 1973 629 2026 tecta
643 1970 705 2025 alte
720 1965 902 2042 insuerent]

74 2045 117 2104 Et
131 2047 263 2104 recidiva
277 2064 370 2104 manu
383 2048 551 2122 posuissem
568 2049 718 2122 Pergama
733 2047 830 2103 vietis,

75 2125 134 2183 Sed
149 2145 228 2184 nune
242 2127 366 2184 Italiam
381 2145 524 2201 uragnam
541 2127 681 2202 Gryneus
697 2127 817 2201 Apelle,
955 2130 1009 2186 345

73 2205 196 2263 Italiam
213 2206 326 2281 Lyciae
344 2208 460 2279 jussere
476 2225 632 2282 capessere
648 2215 765 2280 sertes3

74 2285 135 2343 Hic
150 2303 243 2356 amer,
259 2285 333 2342 haec
347 2287 445 2361 patria
460 2292 515 2344 est.
559 2286 592 2344 Si
607 2293 636 2343 te
653 2286 849 2360 Carthaginis
865 2303 956 2352 arces

75 2364 281 2434 Phoenissam,
299 2364 491 2440 Libycaeque
516 2371 657 2440 aspectus
682 2366 797 2424 detinet
811 2364 903 2434 urbis

74 2445 158 2517 Quae
172 2446 305 2516 tandem,
322 2447 461 2502 Ausonia
476 2446 608 2504 Teucros
623 2447 776 2504 considere
792 2451 881 2514 terra,

73 2523 195 2582 Invidia
208 2523 277 2581 est?
320 2524 361 2582 Et
376 2543 430 2582 nos
445 2526 490 2582 fas
504 2531 607 2582 extera
620 2543 762 2601 quaerere
777 2541 879 2596 regna.
953 2525 1010 2582 350

72 2603 124 2660 Me
139 2605 232 2678 patris
247 2603 411 2673 Anchisae,
427 2605 545 2680 quotics
561 2605 755 2662 humentibus
769 2603 885 2659 umbris

73 2681 143 2740 Nox
157 2684 254 2759 operit
267 2690 373 2750 terras,
388 2683 506 2758 quoties
522 2690 604 2742 astra
619 2685 709 2760 ignea
725 2687 863 2757 surgunt,

72 2762 228 2820 Admonet
241 2763 271 2820 in
287 2763 401 2819 somnis
415 2768 446 2820 et
460 2764 581 2820 turbida
594 2770 687 2823 terret
701 2767 802 2837 imago
816 2781 823 2833 ;

72 2842 124 2900 Me
139 2860 213 2917 puer
227 2843 379 2900 Ascanius
395 2843 562 2918 capitisque
578 2844 686 2918 injuria
700 2845 770 2914 cari,

72 2922 169 2993 Quem
184 2940 277 2997 regne
292 2921 458 2998 Hesperiae
474 2923 579 2980 fraude
594 2933 625 2981 ct
640 2926 783 2982 letalibus
799 2921 887 2978 ervis
952 2922 1008 2977 355
1027 2916 1051 2956 4*

72 2998 161 3059 Nunc
175 3003 269 3060 etiam
283 3003 431 3076 interpres
446 3001 559 3073 divrim,
575 3004 654 3061 Jove
668 3006 779 3061 missus
795 3000 833 3055 ab
848 2999 923 3072 ipse,

74 3080 199 3156 (Testor
213 3088 373 3156 utrumqne
389 3085 505 3156 caput)
521 3083 632 3140 celeres
648 3085 793 3141 mandata
807 3096 860 3153 per
875 3095 966 3135 auras

74 3157 210 3234 Detulit3
230 3161 294 3237 ipse
309 3161 400 3218 deum
414 3162 575 3218 man'leste
591 3163 748 3220 inlumina
763 3163 827 3220 ridi

72 3239 242 3298 latrantem
256 3257 367 3310 mures
384 3259 545 3315 vocemque
561 3241 609 3298 his
625 3243 749 3299 auribus
765 3244 861 3300 hausi.

73 3318 188 3378 Desine
203 3337 310 3396 meque
324 3320 385 3378 tuis
400 3321 556 3378 incendere
573 3327 662 3398 teque
677 3323 820 3400 querelis:
951 3319 1009 3376 ese

70 3398 189 3456 ltaliam
202 3416 263 3455 non
276 3405 386 3473 sponte
400 3403 544 3480 sequer.”

176 3482 285 3533 6-81'1
296 3485 395 3539 Boelra
