2204 3676
324 274 330 283 ,
369 190 531 272 ¹ruuurur
554 220 693 270 aarum
715 221 759 272 11.
988 212 1031 276 41

100 375 181 433 Fida
194 380 318 451 petunt3
333 391 404 451 pars
418 373 573 450 ingentem
588 373 745 432 formidine
759 375 841 451 turpi
973 381 1030 439 400

101 453 259 514 Scaudunt
272 473 376 514 rursus
392 471 509 530 equum,
524 459 556 510 et
570 461 643 511 notu
658 455 828 512 conduntur
842 456 873 513 iu
888 457 965 515 alvo.

142 612 213 670 Heu
227 614 302 670 nihil
317 614 423 671 invitis
438 613 484 670 ias
499 630 680 687 quemquam
696 612 784 672 fidere
799 614 897 674 divis!

101 692 179 750 Ecce
195 693 372 750 trahebatur
384 693 484 766 passis
500 693 651 749 Priameia
665 693 751 767 virgo

103 771 243 829 Crinibus
258 790 276 829 a
290 773 401 846 templo
417 771 591 830 Cassandra
606 771 764 847 adytisque
780 773 944 847 Minervae,

101 851 152 908 Ad
168 852 284 908 caelum
298 852 427 909 tendens
442 851 579 908 ardentia
594 850 708 908 lumina
723 853 843 922 frustra,

101 929 240 998 Lumina,
256 948 326 988 uam
341 937 460 987 teneras
475 930 616 987 arcebant
630 930 751 988 vincula
765 933 890 1006 palmas.

100 1008 130 1066 N
133 1027 171 1066 ou
186 1011 256 1068 tulit
270 1011 346 1068 hanc
362 1011 491 1084 speciem
507 1011 617 1066 furiata
631 1021 731 1067 mente
747 1012 909 1085 Coroebus,

101 1088 144 1146 Et
158 1107 223 1146 sese
238 1091 367 1147 medium
384 1090 485 1164 injecit
498 1090 650 1164 periturus
665 1091 695 1146 in
710 1109 828 1164 agmen.

102 1168 322 1244 Consequimur
335 1171 434 1227 cuncti
449 1175 479 1225 00
493 1169 595 1226 densis
610 1168 785 1227 incurrimus
801 1173 902 1231 aruris.
929 1210 931 1215 ·

20 1314 24 1318 ,
101 1247 162 1305 Hie
177 1252 306 1324 primum
321 1267 359 1305 ex
373 1250 434 1306 aito
449 1249 564 1305 delubri
580 1248 708 1305 cuimine
723 1251 791 1307 telis
971 1255 1029 1311 410

99 1327 129 1384 N
132 1338 280 1386 ostiorum
297 1329 456 1397 obruimur,
473 1329 626 1402 oriturque
642 1328 809 1386 miserrima
824 1332 930 1389 caedes

100 1408 264 1465 Armorum
279 1409 353 1465 facie
368 1416 398 1464 et
414 1408 572 1466 Graiarum
588 1424 685 1469 errore
696 1410 844 1481 jubarum.

99 1486 179 1544 Tum
194 1487 292 1544 Danai
308 1489 423 1562 gemitu
438 1493 526 1562 utque
541 1495 661 1562 ereptae
676 1490 804 1563 virginis
818 1491 864 1547 ira

99 1566 243 1642 Undique
258 1567 372 1624 collecti
388 1568 544 1636 invadunt,
561 1567 722 1623 acerrimus
738 1570 826 1642 Ajax,

98 1645 142 1704 Et
156 1647 265 1720 gemini
282 1647 417 1714 Atridae,
435 1647 645 1723 Dolopumque
661 1649 808 1705 exercitus
823 1649 939 1708 omnis:
970 1653 1026 1710 415

98 1725 232 1783 Adversi
247 1735 335 1802 rupto
350 1745 404 1784 ceu
418 1726 571 1801 quondam
586 1727 705 1783 turbine
721 1729 803 1784 venti

93 1803 283 1880 confligunt,
299 1801 515 1882 Zephyrusque
531 1806 688 1881 Notusque
704 1816 734 1864 et
749 1807 846 1864 luctus
861 1807 935 1866 Eois

98 1883 201 1942 Eurus
215 1887 318 1960 equis3
340 1887 473 1942 stridunt
489 1886 592 1953 silvae,
609 1887 764 1960 saevitque
780 1887 902 1944 tridenti

99 1963 248 2038 Spumeus
264 1972 352 2041 atque
367 1966 428 2021 imo
442 1965 560 2021 Nereus
575 1966 633 2022 ciet
648 1983 775 2040 aequora
790 1967 891 2024 funda.

98 2044 149 2101 Iiii
163 2046 263 2113 ctiam,
280 2046 305 2102 si
320 2063 395 2120 quos
410 2040 539 2101 obscura
553 2051 639 2100 nocte
655 2062 707 2118 per
721 2045 858 2102 umbram
969 2049 1027 2105 420

98 2122 249 2182 Fudimus
263 2124 380 2182 insidiis
394 2129 516 2198 totaque
532 2123 716 2196 agitavimus
732 2125 811 2195 urbo,

97 2203 275 2277 Appareut3
296 2204 384 2279 primi
400 2204 512 2277 clipeos
528 2203 712 2277 mentitaque
727 2205 787 2261 0010

98 2280 289 2356 Agnoscunt,
306 2290 396 2358 atque
412 2301 464 2339 ora
479 2301 553 2339 souo
568 2283 717 2340 discordia
732 2285 862 2358 signant.

98 2361 187 2419 Ilicet
200 2363 352 2419 obruimur
367 2380 507 2434 numer03
528 2363 701 2437 primusque
717 2363 871 2420 Coroebus

99 2441 220 2499 Penelei
235 2443 341 2498 dextra
356 2443 444 2498 divae
460 2443 670 2515 armipotentis
685 2443 722 2499 ad
739 2460 822 2499 aram
970 2445 1027 2502 425

99 2521 291 2595 Procumbit3
312 2522 394 2579 cadit
408 2527 442 2578 ct
454 2522 601 2596 RipheuS,
612 2522 801 2595 Justissimus
816 2539 894 2579 unus

99 2600 158 2672 Qui
173 2602 232 2659 fuit
246 2601 277 2657 in
292 2601 416 2658 Teucris
431 2607 462 2659 et
477 2602 725 2658 servantissimus
741 2601 828 2675 aequi
841 2621 848 2674 3

100 2679 171 2751 (Dis
187 2681 274 2738 aliter
289 2681 387 2737 visum
400 2681 422 2754 3)
446 2687 572 2755 pereunt
587 2681 785 2755 Hypanisque
802 2680 988 2756 Dymasque,

100 2758 216 2817 confixi
231 2779 250 2818 a
263 2761 371 2834 sociis3
394 2778 448 2817 nec
463 2768 493 2817 te
508 2767 561 2818 tua
574 2761 710 2835 plurima,
728 2759 860 2829 Panthu,

99 2836 265 2896 Labentem
280 2842 377 2915 pietas
392 2858 446 2897 000
462 2840 613 2917 Apollinis
627 2840 722 2896 infula
736 2839 820 2896 texit.
971 2841 1027 2896 430

99 2916 184 2976 Iliaci
199 2920 313 2976 uiueres
327 2925 358 2976 et
372 2919 494 2977 flamma
508 2928 641 2977 extrema
655 2936 798 2987 meorum,

99 2996 215 3067 Testor,
232 2999 263 3054 in
278 3017 386 3056 occasu
402 3011 504 3056 vestro
519 3017 572 3055 nee
587 2999 647 3055 tela
662 3017 715 3056 nec
730 2999 807 3055 ulios

99 3073 256 3134 Vitavisse
271 3079 353 3136 vices
368 3080 517 3145 Danaum,
533 3084 571 3146 ct,
587 3077 612 3134 si
628 3078 691 3134 fata
705 3077 840 3145 fuissent,

99 3153 144 3212 Ut
157 3157 304 3224 caderem,
321 3159 467 3216 meruisse
482 3175 581 3215 mauu.
626 3157 806 3215 Divellimur
821 3155 907 3214 iude:

98 3233 218 3310 Iphitus
231 3241 264 3296 ,ct
278 3235 380 3312 Pelias
394 3254 519 3304 mecum,
535 3253 662 3310 quorum
678 3235 799 3310 Iphitus
815 3252 890 3293 aevo
969 3235 1027 3294 435

97 3314 169 3372 iam
184 3315 316 3388 gravior,
333 3315 433 3374 Pelius
447 3322 479 3373 ct
494 3315 615 3384 vulnere
630 3315 736 3375 tardus
752 3313 855 3389 urim

98 3394 243 3452 Protinus
254 3395 293 3452 ad
305 3395 393 3453 sedes
407 3394 525 3455 Priami
540 3395 674 3479 elamore
688 3395 804 3462 romu
