2204 3676
336 194 496 242 vnaorm
521 195 659 241 nsrms
685 195 719 243 v.
947 185 1009 248 109
1055 158 1061 173 ¹

72 346 154 406 Saxa
167 351 291 422 petunt;
312 346 397 422 piget
411 346 532 420 incepti,
547 345 698 421 lucisque;
721 363 851 422 suosque

71 425 211 484 Mutatae
227 431 405 500 agnoscunt,
421 443 604 501 excussaque
619 432 739 499 pectore
753 426 775 484 J
778 445 837 482 uno
852 432 907 484 est.

74 505 134 563 Sed
149 523 209 562 non
224 505 336 562 idcirco
351 505 488 561 flammae
504 510 593 580 atque
610 505 749 562 incendia
763 505 842 562 vires
953 509 1009 564 680

71 584 242 642 Indomitos
256 601 383 658 posuere
396 605 403 656 ;
424 585 484 640 udo
499 585 555 640 sub
570 585 674 641 robore
689 585 767 642 vivit

73 665 190 739 Stuppa
204 681 330 721 vomens
344 663 464 720 tardum
480 663 604 732 fumum,
621 663 778 738 lentusque
794 665 911 722 carinas

72 743 131 800 Est
147 761 245 819 vapor,
261 750 292 801 et
306 749 371 800 toto
386 743 543 800 descendit
558 761 678 818 corpore
693 745 788 818 pestis
801 765 808 816 3

72 822 136 880 Nec
152 824 232 879 vires
246 821 370 879 heroum
384 823 543 897 infusaque
559 822 684 879 flumina
697 828 830 898 prosunt.

73 903 151 959 Tum
168 903 236 977 pius
250 904 372 960 Aeneas
386 901 520 959 humeris
536 903 708 959 abscindere
722 910 849 974 vestem,
955 906 1010 962 665

72 983 255 1056 Auxilioque
270 999 377 1038 vocare
392 982 474 1052 deos,
491 987 521 1039 et
535 983 657 1038 tendere
672 982 807 1055 palmas:

73 1061 222 1134 “Jupiter
236 1061 434 1134 omnipotens,
452 1063 477 1118 si
492 1063 624 1118 nondum
640 1079 749 1118 exosus
764 1063 802 1118 ad
816 1080 910 1120 unum

73 1141 229 1215 Trojanos,
245 1141 357 1215 siquid
372 1141 470 1214 pietas
486 1142 613 1216 antiqua
628 1141 746 1198 labores

74 1221 214 1295 Respicit
228 1220 386 1290 humanos
401 1220 440 1277 da
456 1221 606 1277 dammum
620 1222 747 1277 evadere
763 1221 850 1278 classi

73 1300 171 1369 Nunc,
186 1305 280 1375 pater,
295 1305 445 1357 attenues
461 1298 607 1358 Teuerdm
622 1318 670 1357 res
685 1301 764 1376 eripe
779 1302 859 1375 leto;
956 1305 1011 1359 600

75 1379 134 1437 Vel
150 1386 192 1450 66,
208 1381 287 1454 quod
302 1386 448 1453 superest,
464 1380 575 1437 infesto
589 1381 713 1437 fulmine
729 1381 831 1449 Morti,

76 1459 111 1517 Si
125 1477 248 1530 mereor,
265 1460 397 1529 demitte,
413 1466 525 1534 tuaque
541 1460 588 1515 hie
602 1460 692 1516 obrue
709 1461 842 1516 dextra.”

80 1540 139 1596 Vix
153 1539 226 1596 haee
240 1540 385 1609 ediderat,
402 1557 493 1613 quum
510 1539 611 1596 effusis
626 1540 771 1596 imbribus
787 1552 853 1596 atra

75 1619 254 1694 Tempestas
269 1619 331 1675 sine
347 1637 428 1675 more
443 1620 523 1688 furit,
538 1619 709 1693 tonitruque
724 1623 907 1676 tremescunt

75 1699 183 1758 Ardua
198 1705 345 1756 terrarum
360 1705 391 1756 et
405 1700 521 1773 eampi3
543 1699 604 1754 ruit
619 1699 739 1755 aethere
755 1704 820 1755 toto
956 1701 1010 1756 695

76 1778 228 1836 Turbidus
242 1779 339 1835 imber
353 1797 431 1852 aqua
446 1779 604 1853 densisque
621 1779 802 1851 nigerrimus
817 1778 950 1845 Austris,

76 1858 302 1932 Implenturque
318 1875 408 1933 super
421 1876 545 1932 puppes,
562 1859 709 1915 semiusta
723 1858 900 1914 madescunt

77 1938 217 2009 Robora,
238 1938 399 1994 restinctus
415 1939 508 1994 donee
524 1956 617 2013 vapor
631 1939 737 2004 omnis
753 1943 784 1994 66
799 1955 912 2008 666666,

78 2018 229 2090 Quattuor
243 2017 372 2087 amissis,
389 2024 526 2074 servatae
541 2036 559 2074 6
573 2024 656 2092 peste
672 2017 798 2074 carinae.

118 2176 163 2233 At
176 2182 262 2251 pater
275 2176 406 2246 Aeneas
422 2196 492 2234 casu
508 2194 670 2234 concussus
686 2177 801 2248 acerbe,
957 2176 1012 2235 ’100

78 2254 167 2314 Nunc
183 2257 240 2313 hue
254 2257 392 2330 ingentes
408 2275 486 2314 nune
501 2258 570 2314 illuc
585 2264 704 2332 pectore
719 2274 806 2314 66666

78 2335 221 2394 Mutabat
235 2353 368 2405 versans
386 2336 533 2393 Siculisne
548 2337 692 2393 resideret
707 2338 798 2406 66616,

79 2416 202 2473 Oblitus
217 2417 355 2484 fatorum,
372 2416 506 2472 16616666
522 2423 690 2489 capesseret
705 2434 780 2474 oras.

79 2496 157 2552 Tum
173 2496 274 2552 senior
288 2495 415 2563 Nautes,
431 2514 524 2552 unum
540 2496 676 2552 Tritonia
691 2496 795 2554 Pallas

79 2577 176 2647 Quem
192 2575 295 2632 docuit
308 2577 461 2649 multaque
477 2576 627 2649 insignem
643 2576 774 2633 reddidit
789 2581 861 2645 6666,
959 2573 1014 2633 105

79 2655 181 2729 (Η666
194 2672 339 2728 responsa
354 2655 453 2722 debet,
470 2656 516 2711 vel
534 2674 610 2730 quae
625 2657 817 2730 portenderet
830 2657 876 2711 ira

78 2733 195 2807 Magna
209 2733 306 2804 deum,
322 2734 370 2790 vel
385 2753 460 2808 quae
476 2735 606 2791 satorum
621 2743 756 2809 posceret
772 2735 869 2810 ordo)

78 2811 169 2887 Isque
185 2813 233 2869 his
248 2813 374 2869 Aenean
388 2812 504 2870 solatus
520 2815 644 2871 vocibus
659 2815 740 2872 infit:

80 2892 183 2950 “Nate
199 2893 264 2962 (166,
280 2911 338 2967 quo
354 2893 418 2950 fata
431 2894 557 2950 trahunt
570 2894 796 2968 retrabuntque,
814 2909 993 2967 sequamur3

80 2973 233 3046 Quidquid
248 2972 313 3040 erit,
330 2974 499 3047 superanda
511 2975 608 3030 omnis
620 2975 741 3030 fortuna
755 2973 878 3029 ferendo
891 2978 946 3028 est.
959 2972 1015 3031 710

78 3051 136 3108 Est
150 3052 208 3108 tibi
224 3052 396 3108 Dardanius
411 3054 530 3110 divinoe
545 3055 649 3127 stirpis
666 3054 806 3110 Acestes:

80 3130 171 3187 Hune
186 3150 257 3206 cape
273 3133 406 3188 consiliis
420 3134 533 3189 socium
549 3139 580 3190 et
594 3136 741 3206 conjunge
756 3133 915 3188 volentem.

79 3210 160 3267 Huic
174 3212 268 3279 trade,
285 3212 407 3268 arnissis
421 3219 565 3286 superant
580 3214 631 3287 qui
646 3213 784 3280 navibus,
801 3218 831 3267 et
846 3229 921 3286 quos

79 3289 257 3351 Pertaesum
270 3291 376 3365 magui
392 3292 506 3366 incepti
522 3310 680 3366 rerumque
695 3297 816 3348 tuarum
832 3297 899 3364 est‘,

81 3369 323 3444 Longaevosque
337 3389 426 3428 senes
440 3390 475 3429 ae
491 3372 591 3431 fessas
608 3391 741 3452 aequore
754 3378 887 3443 matres,
971 3365 1037 3424 We

69 3448 115 3504 Et
125 3449 271 3522 quidquid
284 3455 382 3509 tecum
400 3453 582 3517 invalidum
596 3465 813 3538 metuensque
825 3449 946 3534 pericii
955 3451 1023 3512 666,
