2204 3676
59 112 120 176 102
340 122 499 175 venerer
523 124 661 174 sauma
684 124 720 175 r.

57 274 140 334 Ante
156 294 261 333 omnes
276 281 379 351 stupet
393 276 457 352 ipse
472 276 579 347 Dares,
591 276 744 351 longeque
757 280 899 352 recusat3

57 354 331 431 Magnanimusque
348 355 551 413 Anchisiades
565 362 596 413 et
608 356 728 431 pondus
742 361 773 412 et
787 356 856 431 ipsa

59 434 127 493 Huc
142 436 212 492 illuc
228 435 393 492 vinclorum
409 437 557 492 immensa
572 436 728 492 volumina
743 440 855 494 versat.

58 513 136 571 Tum
152 517 252 572 senior
266 516 344 571 iales
359 515 507 571 referebat
521 520 642 589 pectore
657 532 764 572 voces:

59 599 75 623 “
87 596 175 669 Quid,
192 596 217 650 si
233 595 300 669 quis
316 600 436 651 caestus
450 593 547 668 ipsius
561 600 592 651 et
608 594 748 652 Herculis
762 612 847 653 arma
939 594 994 654 410

57 672 204 743 Vidisset,
221 674 398 747 tristemque
413 673 469 730 hoc
483 674 549 747 ipso
563 673 594 729 in
608 673 695 731 litore
710 672 868 747 pugnem?

59 752 145 810 Haec
160 770 323 827 germanus
339 752 424 827 Eryx
438 754 589 827 quendem
604 757 677 809 tuus
692 769 775 809 arma
789 753 917 827 gerebat
984 764 987 769 '

58 833 228 970 ffanguine
244 833 340 890 cernis
355 832 452 889 adhue
468 848 630 907 spmsoque
645 832 755 888 infecta
768 833 916 909 cerebro),

93 914 119 968 is
134 930 278 986 magnum
294 911 422 968 Alciden
438 920 543 968 contra
557 913 664 985 stetit,
685 910 733 968 his
746 928 803 986 ego
818 918 935 983 suetus,

58 993 140 1051 Dum
155 992 262 1048 melior
277 992 356 1047 vires
371 991 496 1065 sanguis
512 990 612 1061 dabat,
629 991 748 1048 aemula
761 992 892 1049 necdum
937 991 994 1051 415

58 1070 256 1146 Temporibus
271 1071 400 1144 geminis
417 1071 545 1128 canebat
558 1088 665 1146 sparsa
679 1076 826 1128 senectus

60 1151 120 1209 Sed
136 1152 162 1207 si
178 1157 280 1207 nostra
296 1151 392 1206 Dares
408 1150 480 1206 haee
496 1150 604 1207 'l'roius
619 1166 703 1207 arma
716 1154 845 1221 recusat,

58 1230 153 1306 quue
168 1232 217 1305 pio
233 1230 318 1286 sedet
335 1230 464 1298 Aeneae,
481 1230 590 1303 probat
604 1236 708 1286 auctor
722 1230 862 1301 Acestes,

59 1311 235 1384 Aequemus
250 1326 386 1383 pugnas:
408 1310 515 1383 Erycis
530 1308 585 1366 tibi
599 1314 686 1383 terga
699 1309 830 1380 remitte,

59 1389 165 1465 (Solve
180 1393 304 1464 metus),
321 1394 351 1444 et
365 1393 399 1445 tu
414 1388 561 1462 Trojanos
575 1406 650 1445 exue
665 1390 814 1445 caestus''
937 1388 994 1449 400

59 1469 145 1526 Haec
161 1470 242 1525 letus
258 1468 406 1543 duplicem
421 1486 457 1524 ex
472 1468 606 1525 humeris
621 1468 723 1541 rejecit
738 1468 893 1538 amictum,

58 1548 100 1605 Et
115 1567 241 1623 magnos
256 1549 458 1604 membrorum
473 1554 565 1616 artus,
580 1565 692 1620 magna
706 1564 777 1604 ossa
791 1548 982 1625 lacertosque

58 1627 160 1697 Exuit,
177 1634 265 1703 atquc
280 1629 388 1701 ingens
403 1628 504 1684 medio
518 1627 657 1684 consistit
672 1644 769 1685 arena.

58 1705 135 1763 Turn
152 1713 235 1763 satus
249 1708 385 1764 Anchisa
399 1712 518 1764 caestus
532 1713 619 1781 pater
633 1706 741 1763 extulit
755 1724 876 1783 ecquos

58 1785 100 1842 Et
115 1788 236 1861 paribus
250 1787 366 1861 palmas
382 1788 537 1843 mnborum
552 1787 689 1842 innexuit
704 1786 803 1844 armis
938 1788 995 1847 405

60 1865 206 1922 Constitit
220 1865 250 1920 in
265 1867 378 1940 digitos
392 1866 544 1940 extemplo
559 1872 694 1922 arrectus
708 1871 844 1941 uterque,

59 1945 247 2019 Brachioque
263 1946 300 2002 ad
316 1964 440 2021 superus
456 1946 609 2002 interritus
624 1945 732 2003 extulit
747 1962 845 2014 auras.

59 2025 221 2081 Abduxere
236 2031 315 2082 retro
331 2026 419 2100 longe
435 2027 534 2099 capita
549 2027 643 2082 ardua
658 2026 696 2082 ab
710 2026 781 2094 ictu,

59 2105 293 2179 Immiscentque
309 2123 417 2161 mamis
432 2106 578 2173 manibus,
593 2122 787 2180 pugnamque
801 2103 978 2179 locessuut,

59 2183 114 2241 Ille
128 2185 238 2259 pedum
254 2184 358 2240 melior
374 2192 464 2252 motu,
481 2187 632 2259 fretusque
642 2187 777 2258 Juventa,
940 2187 997 2244 430

59 2263 119 2321 Hie
134 2264 275 2321 membris
290 2271 320 2320 et
335 2265 413 2320 mole
430 2265 549 2336 raleus;
571 2265 624 2320 sed
639 2265 727 2321 tarda
740 2263 883 2321 trementi

60 2343 167 2402 Genua
181 2343 292 2411 lebant,
311 2349 414 2399 vastos
429 2344 527 2417 quatit
542 2361 631 2417 aeger
645 2344 797 2400 anhelitus
811 2349 905 2403 ortus

59 2423 159 2480 Multa
173 2423 229 2479 viri
245 2423 446 2497 nequidquam
462 2422 539 2479 inter
553 2442 584 2479 se
600 2424 726 2480 vulnera
735 2424 864 2496 jactent,

59 2502 160 2559 Mulie
175 2520 249 2558 cavo
264 2502 350 2558 lateri
366 2503 563 2577 ingeminent,
579 2508 610 2559 et
623 2509 746 2577 pectore
762 2510 867 2560 vastos

60 2582 143 2639 Dant
158 2583 284 2652 sonitus,
300 2588 440 2657 erratque
457 2599 543 2639 aures
558 2588 589 2639 et
602 2588 739 2657 tempora
754 2583 865 2639 circum
938 2586 997 2645 435
1076 2604 1079 2611 ·

61 2661 173 2719 Orebra
188 2679 304 2731 manus,
321 2662 396 2717 duro
412 2663 561 2736 crepitant
576 2663 631 2718 suh
647 2663 769 2719 vulnere
785 2663 892 2722 malae.

62 2742 131 2800 Stat
145 2743 248 2816 gravis
264 2741 411 2809 Entellus,
428 2743 555 2816 nisuque
571 2743 713 2799 immotus
728 2743 841 2811 eodem,

60 2822 191 2897 Corpore
206 2822 267 2878 tole
281 2822 370 2877 modo
386 2828 475 2896 atque
491 2822 584 2878 oculis
599 2822 797 2896 vigilantibus
812 2821 882 2880 exit.

60 2901 123 2973 Ille,
140 2904 222 2960 velut
237 2901 347 2958 celsam
364 2909 520 2976 oppugnat
535 2902 584 2976 qui
600 2902 729 2958 molibus
744 2903 856 2971 urbem,

61 2982 125 3041 Aut
138 2990 283 3039 montana
297 2981 383 3038 sedet
397 2982 507 3037 circum
523 2981 647 3037 castella
662 2982 718 3037 sub
733 2981 832 3050 armis,
937 2982 998 3041 440

60 3059 148 3116 Nunc
164 3061 227 3130 hos,
244 3079 322 3118 nunc
336 3061 406 3116 illos
421 3061 529 3121 aditus,
548 3077 726 3134 omnemque
742 3065 875 3133 pererrat

60 3141 136 3197 Arte
151 3139 257 3207 locum,
274 3147 305 3197 et
319 3140 413 3196 variis
429 3140 593 3196 assultibus
611 3141 713 3195 irritus
728 3148 823 3215 urget.

60 3219 204 3278 Ostendit
218 3220 353 3275 dextram
370 3221 530 3293 insurgens
546 3219 684 3275 Entellus
698 3225 729 3275 et
744 3220 803 3276 alte

46 3298 172 3359 Extulit
179 3319 191 3373 ;
213 3297 264 3357 ille
281 3299 375 3358 ictum
393 3298 566 3358 venientem
580 3316 599 3356 a
612 3298 828 3381 uertice-velox
877 3332 880 3337 ·
