2204 3676
49 188 109 252 130
305 202 462 253 vanem
488 205 626 251 aruris
653 206 701 254 vr.

47 356 92 414 At
105 361 191 430 pater
206 356 399 430 omnipotens
414 356 505 413 densa
522 355 600 414 inter
614 356 717 414 nubilo
732 357 828 416 telum

49 435 213 504 Contorsit,
229 453 290 492 non
305 435 354 492 illo
369 436 450 493 faces
465 453 520 493 neo
534 437 635 493 fumea
648 437 747 493 taedis

47 515 186 585 Lumina,
202 515 454 590 praecipitemque
469 517 595 572 immani
610 516 728 573 turbine
744 517 857 591 adegit.

46 594 184 652 Necnon
199 600 230 651 et
245 594 366 668 Tityon,
382 596 491 652 Terrae
507 596 726 669 omniparentis
745 596 912 667 alumnum,
928 598 984 657 595

48 675 176 732 Oernere
191 680 263 744 crat,
279 691 332 749 por
345 679 412 731 tota
426 691 535 731 novem
551 675 598 731 cui
614 676 723 749 jugera
737 692 847 750 corpus

47 754 225 828 Porrigitur,
241 760 398 828 rostroque
413 754 556 810 immonis
570 754 673 811 vultur
687 754 804 811 obunco

46 833 220 891 Immortale
237 834 321 906 jecur
335 834 464 891 tondens
479 834 665 909 fecundaque
678 834 785 908 poenis

47 911 174 970 Viscera
188 913 372 987 rimaturque
386 914 492 988 epulis,
509 913 686 988 habitatque
701 914 758 970 sub
773 913 835 970 alto

47 991 180 1063 Pectore,
196 1010 250 1049 nec
264 991 347 1048 fibris
362 993 480 1067 requies
494 993 584 1050 datur
597 992 661 1049 ulla
674 994 796 1050 renatis.
927 996 986 1051 600
1085 1074 1088 1079 ¹

47 1071 128 1145 Quid
142 1089 305 1128 memorem
321 1072 477 1148 Lapithae,
492 1072 600 1129 Ixiona
614 1070 870 1148 Pirithoumque?

47 1151 131 1225 Quos
145 1169 235 1225 super
250 1157 316 1209 atra
331 1153 406 1209 silex
422 1155 485 1226 jam
502 1153 566 1225 jam
580 1152 702 1227 lapsura
715 1152 895 1228 cadentique

45 1231 190 1290 Imminet
205 1231 365 1305 assimilis,
387 1231 487 1289 lucent
502 1231 671 1305 genialibus
686 1232 757 1289 altis

46 1311 149 1368 Aurea
163 1310 257 1368 fulcra
270 1311 355 1381 torte,
371 1312 534 1386 epulaeque
550 1316 619 1369 ante
634 1329 687 1369 ora
700 1317 825 1386 paratae

47 1391 181 1466 Regifico
195 1391 285 1464 luxu3
307 1391 466 1448 Furiarum
481 1391 614 1448 maxima
629 1393 718 1465 juxta
926 1392 983 1451 605

47 1471 193 1540 Accubat,
209 1476 240 1527 et
254 1471 396 1527 manibus
410 1471 551 1544 prohibet
566 1471 738 1545 contingere
752 1487 884 1539 mensas,

47 1551 252 1626 Exsurgitque
267 1550 362 1608 facem
378 1551 527 1621 attollens,
545 1556 633 1626 atque
648 1550 767 1607 intonat
780 1568 839 1608 ore.

48 1631 115 1700 Hic,
132 1632 240 1706 quibus
256 1630 346 1687 invisi
362 1631 478 1700 fratres,
494 1630 566 1686 dum
582 1630 646 1686 vita
658 1630 810 1701 manebat,

49 1710 231 1767 Pulsatusve
246 1727 362 1782 parens,
377 1715 409 1766 et
424 1710 506 1766 fraus
521 1711 630 1767 innexa
644 1709 756 1780 clienti,

48 1790 114 1848 Aut
128 1791 179 1864 qui
194 1790 311 1847 divitiis
326 1790 381 1846 soli
396 1789 558 1846 incubuere
572 1790 706 1865 repertis,
924 1790 983 1849 610

48 1869 78 1926 N
80 1888 113 1926 ec
127 1876 243 1944 partem
257 1887 382 1944 posuere
398 1869 478 1926 suis:
500 1887 577 1945 quae
592 1870 725 1926 maxima
739 1868 831 1925 turba
843 1872 912 1926 est:

49 1949 166 2023 Quique
182 1949 220 2006 ob
236 1949 416 2006 adulterium
432 1950 521 2019 oaesi,
537 1949 646 2024 quique
663 1966 746 2005 arma
761 1947 857 2005 secuti

48 2027 156 2102 Impia,
173 2045 227 2085 neo
241 2029 329 2085 veriti
344 2028 533 2085 dominorum
548 2029 649 2085 fallere
661 2029 796 2097 dextrae,

48 2108 162 2166 Inclusi
176 2125 303 2184 poenam
319 2113 502 2182 exspectant.
545 2107 592 2164 Ne
607 2125 715 2182 quaere
730 2107 837 2176 doceri,
926 2110 984 2165 611

49 2190 147 2261 Quam
163 2205 297 2263 poenam,
315 2194 367 2245 aut
381 2204 458 2262 quae
472 2188 568 2244 forma
582 2188 665 2244 viros
679 2187 838 2244 fortunave
852 2186 969 2244 mersit

50 2268 162 2326 Saxum
177 2267 284 2342 ingens
299 2268 428 2324 volvunt
442 2266 502 2338 alii,
518 2267 670 2341 radiisque
683 2272 817 2324 rotarum
928 2266 987 2324 616

49 2347 184 2405 Districti
199 2348 351 2420 pendent;
373 2348 465 2416 sodet,
482 2352 695 2421 aeternumque
711 2346 836 2414 sedebit,

49 2427 158 2485 Infelix
172 2427 307 2484 Theseus
320 2447 327 2499 ;
349 2426 563 2500 Phlegyasque
577 2426 761 2482 miserrimus
776 2440 880 2482 omnes

49 2507 204 2564 Admonet
218 2511 249 2562 et
263 2524 376 2580 magna
389 2511 520 2563 testatur
534 2523 607 2562 voce
621 2522 673 2581 per
688 2504 828 2561 umbras:

50 2586 184 2643 ‘Discite
201 2586 353 2659 justitiam
368 2586 485 2654 moniti,
501 2590 532 2642 et
547 2603 606 2642 non
620 2591 753 2642 temnere
768 2584 876 2641 divos!
929 2584 989 2642 620

50 2665 195 2723 Vendidit
210 2665 257 2722 hic
273 2684 344 2722 auro
360 2666 490 2739 patriam
506 2666 718 2739 dominumque
731 2668 888 2739 potentem

50 2745 207 2820 Imposuit,
224 2745 289 2800 fixit
302 2745 386 2818 leges
400 2746 496 2818 pretio
512 2750 601 2819 atque
616 2744 729 2817 refixit3

52 2826 112 2884 Hic
128 2825 297 2881 thalamum
312 2825 426 2881 invasit
440 2830 531 2881 natac
546 2824 717 2899 vetitosque
733 2823 939 2897 hymenaeos;

52 2904 131 2963 Ausi
147 2921 250 2960 omnes
266 2904 396 2960 immane
411 2905 498 2961 nefa-s
513 2920 646 2978 ausoque
661 2903 759 2978 potiti.

52 2984 131 3053 Non,
147 2982 222 3039 mihi
237 2983 262 3039 si
278 2983 401 3056 linguae
417 2988 537 3039 contum
552 2983 615 3040 sint
629 3000 740 3056 oraque
755 2986 886 3049 contum,
931 2982 991 3039 625

53 3063 164 3121 Ferrea
179 3080 245 3134 vox,
263 3080 366 3119 omnes
382 3063 527 3119 scelerum
542 3063 753 3137 comprendere
768 3061 890 3129 formas,

54 3141 165 3200 Omnia
177 3160 342 3217 poenarum
356 3159 526 3216 percurrere
541 3142 664 3198 nomina
678 3140 822 3215 possim.’'

92 3300 182 3358 Haeo
197 3299 247 3356 ubi
263 3300 344 3358 dicta
359 3302 443 3358 dedit
457 3300 571 3360 Phoebi
587 3300 739 3374 longaeva
753 3297 905 3366 sacerdos,

40 3378 208 3455 “Sedjam
225 3398 293 3458 age,
311 3400 402 3462 carpe
414 3382 498 3445 riam
513 3386 546 3441 ot
559 3386 736 3454 susceptum
743 3376 852 3453 perdes
864 3372 996 3435 munusl
