2204 3676
331 160 488 211 varona
513 159 653 209 narare
677 159 728 211 rr.
940 147 1002 213 nr

61 315 146 390 Ergo
161 329 265 371 omnes
280 322 392 386 magno
407 311 519 370 circum
534 310 662 369 elamore
678 311 855 383 fremebant,
947 311 1003 373 175

62 393 230 467 Praecipue
244 393 314 467 pius
330 394 458 452 Aeneas.
503 391 582 449 Tum
599 392 686 465 jussa
703 391 849 467 Sibyllae,

64 473 158 531 Haud
172 489 265 544 mora,
282 472 430 529 festinant
444 470 558 541 flentcs
576 489 719 546 aramque
735 469 885 546 sepulchri

64 553 234 626 congerere
250 551 407 608 arboribus
422 552 564 626 caeloque
578 551 704 608 educere
719 556 844 609 certant.

63 633 131 692 Itur
145 632 176 688 iu
191 631 348 706 antiquam
364 631 480 699 silvam,
497 631 618 688 stabula
633 631 695 688 alta
709 631 856 704 ferarum3

64 711 272 770 Procumbunt
286 711 397 786 piceae,
413 715 501 767 sonat
515 710 576 767 ieta
591 711 746 768 securibus
760 711 830 780 ilex,
949 711 1006 771 180

64 791 293 866 Fraxineaeque
308 790 410 848 trabes
425 790 528 848 cuneis
542 794 574 846 et
588 790 679 847 fissile
694 790 785 848 robur

66 870 230 940 Scinditur,
247 869 414 927 advolvunt
429 871 568 944 ingentes
582 869 737 926 montibus
752 886 848 927 ornos

65 950 131 1009 Nee
146 967 206 1006 non
221 949 343 1006 Aeneas
357 965 448 1024 opera
462 949 541 1005 iuter
555 949 630 1006 talia
643 949 758 1023 primus

66 1029 219 1087 Hortatur
234 1027 340 1100 soeioS,
356 1028 541 1104 paribusque
556 1028 726 1102 accingitur
741 1029 839 1088 armis.

66 1109 171 1184 Atque
186 1107 260 1167 haec
275 1108 339 1184 ipse
355 1126 411 1165 suo
425 1107 506 1165 tristi
522 1125 591 1166 eum
606 1108 694 1165 eorde
709 1108 838 1179 volutat,
951 1108 1007 1169 185

67 1188 243 1262 Aspeetaus
258 1187 367 1244 silvam
383 1187 570 1258 immensam,
587 1192 617 1244 et
632 1187 676 1244 sie
690 1187 766 1245 forte
781 1193 939 1262 precatur:

68 1272 86 1298 “
99 1267 132 1326 Si
146 1284 227 1324 nune
241 1284 274 1324 se
288 1267 377 1324 nobis
392 1267 441 1323 ille
457 1284 565 1324 aureus
580 1267 684 1324 arbore
698 1284 802 1324 ramus

69 1345 222 1404 Ostendat
235 1363 357 1404 nemora
372 1347 402 1403 in
417 1345 519 1404 tantol
541 1347 662 1421 quando
677 1347 779 1404 omnia
793 1363 863 1404 vere

70 1425 142 1484 Heu
156 1425 284 1482 nimium
299 1426 335 1483 de
351 1432 381 1482 te
397 1430 492 1496 vates,
509 1425 637 1495 Misene,
653 1425 753 1483 locuta
767 1429 843 1484 cst.’'

68 1505 134 1563 Vix
146 1524 184 1562 ea
197 1506 280 1563 fatus
294 1511 369 1582 erat,
385 1506 524 1580 geminae
539 1523 632 1581 quum
648 1506 723 1562 ferte
739 1505 896 1563 columbae
954 1504 1010 1564 190

69 1584 144 1660 Ipsa
158 1585 214 1642 sub
230 1602 282 1642 ora
297 1585 355 1642 viri
369 1585 450 1643 caelo
466 1603 574 1642 venere
589 1586 737 1650 volantes,

70 1665 114 1722 Et
128 1665 219 1722 viridi
234 1665 337 1722 sedere
352 1664 425 1722 solo.
469 1664 546 1722 Tum
561 1665 711 1722 maximus
725 1664 813 1723 heros

71 1743 229 1802 Maternus
244 1745 382 1820 agnoseit
397 1761 479 1814 aves
494 1745 651 1819 laetusque
666 1752 821 1820 precatur:

72 1827 90 1854 ‘¹
101 1822 175 1881 Este
190 1825 290 1894 duces,
307 1841 333 1896 0,
350 1825 376 1882 si
390 1841 451 1898 qua
465 1824 516 1881 via
529 1831 585 1894 est,
601 1841 780 1898 cursumque
794 1840 847 1898 per
862 1840 952 1882 auras

72 1901 205 1978 Dirigite
219 1903 251 1960 iu
267 1903 358 1975 lucos,
374 1904 426 1961 ubi
441 1903 585 1979 pinguem
601 1904 686 1961 dives
701 1910 809 1979 opacat
955 1903 1011 1962 195

72 1982 193 2042 Romus
207 1981 341 2042 humum.
384 1983 499 2058 Tuque,
516 2002 542 2054 o,
559 1983 658 2041 dubiis
672 2001 710 2042 ne
725 1982 815 2041 defice
828 1982 926 2054 rebus,

72 2061 156 2121 Diva
170 2081 279 2137 parens
289 2062 295 2122 l
305 2065 322 2096 ''
364 2061 413 2122 Sic
427 2063 536 2121 effatus
551 2063 681 2137 vestigia
695 2062 816 2139 pressit,

74 2141 260 2213 0bservons,
276 2161 353 2218 quae
369 2144 459 2218 signa
473 2143 579 2213 ferant,
596 2161 654 2218 quo
669 2143 791 2199 tendere
806 2145 944 2217 pergant.

74 2221 240 2280 Pascentes
254 2223 324 2280 illae
339 2229 460 2280 tantum
474 2223 593 2297 prodire
609 2222 748 2291 velando

74 2301 230 2374 Quantum
246 2302 307 2360 acie
321 2307 447 2379 possent
462 2302 540 2360 oculi
555 2317 673 2358 servare
689 2305 878 2376 sequentum.
956 2299 1013 2359 200

74 2379 151 2439 Inde
166 2381 218 2438 ubi
232 2399 340 2439 venere
356 2383 395 2440 ad
410 2383 512 2440 fauces
527 2380 731 2456 graveolentis
746 2379 872 2449 Averni,

75 2459 202 2518 Tollunt
216 2478 247 2518 se
262 2461 382 2532 celeres,
398 2462 606 2536 liquidumque
621 2476 674 2534 per
688 2463 756 2517 atra
770 2459 874 2533 lapsae

76 2539 208 2599 Sedibus
225 2541 338 2617 optatis
353 2543 475 2616 gemina
490 2558 579 2615 super
594 2540 699 2597 arbore
715 2538 827 2608 sidunt,

76 2619 218 2678 Discolor
231 2620 310 2678 unde
326 2621 391 2678 ouri
406 2638 459 2695 per
473 2637 573 2677 ramos
589 2636 662 2676 aura
677 2617 801 2676 refulsit.

76 2700 173 2773 Quale
188 2700 265 2757 solet
280 2700 366 2757 silvis
381 2699 511 2757 brumali
526 2699 636 2774 frigore
652 2699 770 2756 viseum
959 2695 1015 2753 205

76 2779 198 2837 Fronde
213 2780 309 2837 virere
324 2797 412 2850 nova,
428 2779 509 2855 quod
524 2797 584 2836 non
600 2797 655 2835 sua
670 2778 799 2836 seminat
814 2775 913 2846 arbos,

76 2859 118 2916 Et
132 2877 235 2917 eroeeo
250 2860 314 2916 fetu
329 2865 440 2917 teretes
454 2859 639 2916 circumdare
654 2864 794 2915 truncos:

77 2939 161 2996 Talis
175 2944 240 2995 erat
254 2939 369 3014 species
384 2939 450 2995 auri
465 2938 633 2995 frondentis
648 2955 743 3012 opaea

76 3018 159 3088 Ilice,
175 3018 218 3076 sie
232 3017 292 3074 leni
307 3019 476 3094 crepitabat
490 3018 612 3075 bractea
628 3023 726 3075 vento.

78 3097 212 3173 Corripit
226 3099 350 3155 Aeneas
365 3098 523 3173 extemplo,
541 3096 707 3171 avidusque
723 3091 863 3167 refringit
960 3091 1018 3150 210

78 3177 291 3248 Cunctantem,
307 3183 338 3234 et
353 3178 433 3235 vatis
447 3183 551 3253 portat
565 3177 621 3234 sub
636 3181 718 3234 tecta
735 3173 878 3249 Sibyllae.

118 3335 182 3396 Nee
195 3336 299 3407 minus
312 3335 428 3395 interea
442 3334 597 3398 Misenum
611 3333 745 3394 inlitora
761 3330 873 3395 Teucri
