2204 3676
353 201 510 251 vnnelm
535 201 672 248 Annms
697 201 731 249 V.

71 351 180 424 Qualis
194 351 336 427 spelunca
351 351 452 408 subito
467 357 618 408 commota
632 351 777 420 columba,

73 431 130 489 Cui
145 431 253 487 domus
268 436 299 486 et
313 430 415 487 dulces
431 430 581 487 latebroso
596 431 628 486 in
641 431 760 505 pumice
776 430 846 500 nidi,

71 509 183 567 Fertur
196 509 227 566 in
242 526 316 566 arva
330 509 444 580 volans,
460 509 658 584 plausumque
673 510 817 566 exterrita
831 511 938 585 pennis
951 512 1007 566 215

74 588 137 648 Dat
150 595 230 645 tecto
245 589 406 662 ingentem,
422 605 493 646 mox
507 592 571 645 aire
586 589 672 662 lapsa
687 590 789 663 quieto

73 667 171 726 Radit
184 668 241 725 iter
254 667 411 741 liquidum,
427 668 537 724 celeres
552 685 647 742 neque
661 674 832 724 commovet
847 668 920 737 alas,

75 748 126 805 Sic
141 747 329 815 Mnestheus,
345 746 389 803 sic
403 747 468 821 ipsa
482 747 555 821 fuga
570 753 653 804 secat
667 747 775 804 ultima
792 746 900 804 Pristis

74 827 226 900 Aequora,
243 825 384 883 siciliam
399 825 601 899 fertimpetus
617 827 681 899 ipse
699 827 859 884 volantem.

75 905 118 962 Et
131 906 258 980 primum
273 905 305 960 in
320 905 443 979 scopulo
459 905 623 962 luctantem
638 905 749 962 deserit
763 907 823 962 alto
955 909 1011 964 220

76 985 253 1058 Sergestum
267 984 467 1059 brevibusque
480 984 574 1054 vadis,
590 984 760 1059 frustraque
773 992 931 1042 vocantem

76 1065 202 1122 Auxilia
215 1070 246 1120 et
259 1063 362 1120 fractis
377 1064 541 1120 discentem
557 1081 672 1121 currere
687 1065 786 1120 remis.

76 1144 152 1201 Inde
169 1143 258 1217 Gyan
272 1144 430 1217 ipsamque
446 1143 561 1217 ingenti
576 1144 654 1208 mole
671 1143 863 1202 Chimaeram

78 1223 301 1297 Consequitur:
322 1223 409 1292 cedit,
426 1223 567 1298 quoniam
584 1223 713 1296 spoliata
728 1226 876 1298 magistro
890 1230 945 1282 est.

79 1303 169 1360 Solus
187 1305 309 1377 jamque
324 1302 389 1376 ipso
405 1310 542 1377 superest
557 1302 589 1357 in
603 1301 659 1359 fine
676 1303 853 1372 Cloanthus
956 1306 1012 1361 225

78 1383 176 1455 Quem
190 1382 274 1456 petit,
290 1389 321 1438 et
335 1382 462 1438 summis
478 1381 606 1438 annixus
621 1383 735 1439 viribus
752 1391 846 1456 urget.

78 1463 157 1519 Tum
173 1479 243 1518 vcro
258 1461 425 1535 ingeminat
440 1462 560 1530 clamor,
576 1463 731 1536 cunctique
747 1468 920 1537 sequentem

78 1541 235 1615 Instigant
249 1541 367 1610 studiis
385 1548 562 1615 resonatque
578 1542 745 1614 fragoribus
761 1542 872 1598 aether.

79 1621 124 1679 Hi
138 1621 290 1696 proprium
306 1621 396 1677 decus
410 1627 441 1677 et
455 1626 575 1696 partum
589 1621 787 1694 indignantur
802 1621 944 1677 honorem

78 1699 121 1758 Ni
136 1705 266 1769 teneant,
283 1700 438 1774 vitamque
453 1701 560 1757 volunt
574 1719 626 1775 pro
642 1701 729 1758 laude
744 1701 855 1774 pacisci
871 1721 877 1772 ;
956 1702 1012 1757 230

80 1779 149 1837 Hos
164 1797 320 1836 successus
336 1780 406 1836 alit:
427 1786 563 1854 possunt,
580 1781 650 1855 quia
663 1799 752 1855 posse
768 1781 914 1837 videntur.

79 1858 123 1916 Et
137 1860 198 1916 sors
212 1859 349 1933 aequatis
363 1860 512 1934 cepissent
525 1862 659 1933 praemia
674 1861 788 1931 rostris,

80 1937 122 1996 Ni
136 1938 252 2013 palmas
266 1945 359 2012 ponto
374 1939 500 1996 tendens
515 1946 656 2014 utrasque
673 1939 842 1998 Cloanthus

80 2017 281 2092 Fudissetque
295 2035 406 2090 preces,
423 2019 568 2092 divosque
584 2019 613 2075 in
630 2027 700 2075 vota
716 2028 871 2078 vocasset:

81 2103 100 2127 ‘¹
113 2097 161 2166 Di,
174 2097 281 2172 quibus
295 2098 451 2172 imperinm
464 2106 511 2154 cst
519 2099 627 2172 pelagi,
641 2117 766 2173 quorum
777 2117 907 2173 aequora
921 2116 1014 2166 curro,

81 2177 179 2234 Vobis
193 2177 291 2234 laetus
306 2195 362 2251 ego
378 2177 433 2234 hoe
449 2179 626 2234 candentem
641 2178 672 2234 in
687 2179 772 2235 litore
790 2183 909 2234 taurum
960 2181 1015 2234 236

82 2257 275 2315 Constituam
292 2266 453 2325 antemos,
470 2258 533 2314 voti
550 2275 627 2326 reus,
643 2265 771 2331 extaque
787 2258 884 2313 salsos

81 2337 248 2394 Porriciam
264 2337 295 2392 in
309 2335 425 2407 fluctus,
441 2344 472 2393 et
488 2338 558 2393 vina
572 2337 717 2411 liquentia
731 2337 855 2393 lundam
866 2335 897 2392 l”

82 2416 178 2486 Dixit,
194 2435 321 2490 eumque
337 2417 405 2472 imis
421 2417 477 2473 sub
492 2416 631 2473 fiuctibus
647 2416 740 2472 audiit
755 2416 852 2472 omnis

81 2495 246 2553 Nereidum
261 2495 427 2571 Phorcique
443 2496 552 2553 chorus
567 2496 770 2570 Panopeaque
793 2497 885 2568 virgo,
960 2498 1015 2553 240

82 2575 124 2632 Et
138 2581 224 2650 pater
238 2575 303 2649 ipse
318 2594 410 2632 manu
425 2595 537 2650 magna
553 2576 707 2632 Portunus
721 2581 842 2631 cuntem

81 2653 223 2729 Impulit:
245 2655 298 2711 illa
312 2654 394 2715 Noto
409 2656 499 2713 citius
514 2656 685 2729 volucrique
701 2655 814 2729 sagitta

81 2733 133 2791 Ad
149 2741 258 2790 terram
273 2735 359 2808 fugit,
376 2741 406 2791 et
421 2743 510 2811 portu
525 2753 556 2792 se
571 2735 704 2792 condidit
719 2736 788 2790 alto,

81 2813 160 2869 Tum
177 2819 260 2871 satus
275 2814 419 2884 Anchisa,
435 2815 551 2872 cunctis
566 2833 603 2871 ex
617 2832 697 2871 more
714 2814 837 2883 vocatis,

82 2891 240 2949 Victorem
255 2911 366 2966 magna
379 2894 538 2967 praeconis
552 2912 623 2951 voce
641 2894 824 2952 Cloanthum
962 2898 1017 2953 245

82 2971 234 3041 Declarat,
250 2972 396 3047 viridique
412 2972 534 3030 advelat
548 2978 685 3048 tempora
698 2974 790 3043 laum,

82 3050 268 3127 Muneraque
283 3052 314 3108 in
329 3070 422 3110 naves
437 3058 539 3109 ternos
554 3058 656 3128 optare
667 3056 821 3126 juvencos,

83 3130 232 3206 Vinaque,
248 3137 280 3188 et
294 3133 411 3205 argenti
426 3150 570 3205 magnum
586 3134 639 3189 dat
653 3134 728 3189 serre
744 3134 898 3189 talentum.

84 3210 164 3285 Ipsis
179 3211 357 3286 praecipuos
371 3211 545 3268 ductoribus
560 3213 645 3269 addit
660 3213 806 3269 honores:

84 3288 201 3348 Victori
216 3290 407 3365 chlamydem
422 3295 568 3360 auratam,
584 3309 675 3366 qnam
689 3290 818 3367 plurima
832 3291 943 3348 circum
963 3292 1019 3346 250

83 3369 223 3500 Purpuqa
235 3370 400 3502 lgaeendro
415 3370 528 3446 duplici
543 3371 703 3434 Meliboea
717 3372 855 3432 cucurrit
864 3391 877 3448 3

211 3481 243 3489 -
268 3456 297 3503 ix
308 3457 404 3508 Beona
