2204 3676
358 212 516 263 vnasrnr
540 213 682 262 aunam
706 214 730 262 1.
972 199 1012 264 19

70 364 242 442 Conjugis3
263 383 317 425 ore
330 365 430 424 modis
445 364 588 424 attollens
598 364 715 442 'pallida
728 366 823 435 miris,

72 445 221 503 Crudeles
236 463 305 503 aras
320 447 501 521 trajectoque
514 451 637 521 pectora
650 446 728 503 ferro
955 447 1011 506 355

70 523 221 594 Nudavit,
237 542 417 599 caecumque
432 526 540 583 domus
555 525 653 582 scelus
668 542 755 581 omne
771 524 900 599 retexit3

72 603 154 660 Tum
168 604 295 661 celerare
310 603 414 678 fugam
427 605 586 678 patriaque
601 604 742 661 excedere
758 604 873 675 suadet,

72 680 293 757 Auxilinrnque
308 684 374 739 viae
389 691 507 740 veteres
521 684 626 740 tellure
641 684 769 740 recludit

73 760 256 832 Thesauros,
271 763 409 836 ignotum
425 763 543 836 argenti
557 763 674 838 pondus
688 769 719 820 et
734 763 806 821 auri.

74 838 136 897 His
151 847 300 898 commota
314 841 418 914 fugam
433 839 514 899 Dido
528 842 684 917 sociosque
698 843 834 917 parabat.
955 844 1013 902 360

74 919 278 990 Conveniunt,
294 921 403 995 quibus
418 927 471 978 aut
486 921 587 978 odium
603 922 721 979 crudele
736 921 856 995 tyranni

74 998 143 1055 Aut
156 1004 255 1056 metus
269 1017 337 1056 accr
350 1005 433 1073 erat;
455 1017 557 1071 naves,
573 1018 650 1075 quae
665 1001 741 1058 iortc
756 1007 889 1075 paratae,

75 1077 258 1153 Corripiunt,
274 1085 457 1154 onerantque
473 1098 562 1137 auro:
582 1087 742 1154 portantur
756 1081 841 1137 avari

74 1157 288 1231 Pygmalionis
303 1176 374 1234 opes
388 1160 519 1234 pclag03
540 1159 602 1216 dux
617 1160 728 1216 femina
743 1159 821 1215 iacti„

75 1235 232 1294 Devenere
248 1238 338 1308 lecca,
354 1239 405 1295 nbi
420 1257 499 1296 nune
513 1240 649 1312 ingentia
664 1256 766 1296 cernes
956 1241 1013 1297 365

74 1314 200 1372 Moenia
214 1324 445 1392 surgentemque
461 1336 557 1374 novae
574 1318 769 1392 Carthaginis
785 1334 891 1389 arcem,

75 1394 280 1474 [Mereatique
295 1397 401 1467 solum,
418 1398 488 1454 faeti
504 1399 540 1454 de
555 1398 674 1455 nomine
690 1398 831 1472 Byrsam,

75 1474 210 1533 Taurino
224 1483 370 1551 quantum
384 1486 509 1551 possent
525 1477 708 1534 circumdare
723 1475 835 1552 tergo]

76 1553 138 1611 Sed
154 1573 207 1612 vos
222 1557 272 1630 qui
287 1557 416 1626 tandem,
433 1557 544 1631 quibus
560 1562 613 1613 aut
628 1557 754 1612 venistis
770 1557 807 1612 ab
823 1556 891 1626 oris,

75 1633 183 1706 Quove
197 1637 308 1692 tenetis
322 1634 426 1693 iter?’'
469 1635 633 1707 Quaerenti
648 1637 760 1692 talibus
775 1635 825 1691 ille
957 1634 1014 1694 3ῒο

76 1712 239 1787 Suspirans
253 1716 372 1790 imoque
386 1716 510 1772 trahens
525 1735 542 1772 a
555 1722 675 1791 pectore
690 1733 811 1773 vocem:

75 1790 131 1849 “0
148 1793 211 1864 dea,
228 1795 252 1850 si
266 1796 365 1868 prima
379 1802 518 1869 repetens
533 1797 570 1852 ab
585 1796 700 1869 origine
715 1812 848 1869 pergam,

74 1871 118 1929 Et
133 1879 219 1930 vacet
234 1875 358 1931 annales
373 1882 544 1931 nostrorum
560 1875 662 1931 audire
677 1875 824 1944 laborum,

75 1952 160 2008 Ante
175 1954 254 2010 diem
270 1954 371 2010 clauso
386 1961 546 2028 componet
561 1955 678 2029 Vesper
693 1953 832 2029 Olympo.

74 2029 142 2087 Nos
157 2032 244 2107 Troja
259 2034 391 2107 antiqua,
407 2034 433 2090 si
449 2039 566 2090 vestras
580 2034 655 2090 forte
670 2051 723 2108 per
737 2050 826 2090 aures
957 2032 1014 2090 3’l5

75 2107 183 2183 Trojae
199 2130 307 2169 nornen
320 2113 364 2182 iit,
382 2113 503 2170 diversa
516 2131 570 2187 per
584 2131 713 2187 aequora
728 2120 831 2170 vectos

75 2189 167 2247 Forte
182 2209 237 2248 sua
252 2192 375 2266 Libyeis
389 2199 556 2267 tempestas
572 2193 688 2268 appulit
703 2193 771 2249 oris.

77 2267 151 2326 Sum
165 2271 234 2345 pius
249 2271 378 2340 Aeneas,
394 2277 499 2346 raptos
512 2272 562 2346 qui
578 2289 616 2328 ex
631 2272 716 2329 hoste
733 2272 864 2329 Penates

78 2348 184 2407 Classe
199 2350 276 2408 veho
291 2369 417 2421 mecum,
434 2352 515 2407 fama
530 2367 619 2426 super
634 2351 757 2408 aethera
770 2357 868 2407 notua.

76 2427 199 2486 Italiam
212 2447 323 2504 quaero
337 2432 465 2506 patriam
481 2436 512 2487 et
527 2448 623 2504 genus
638 2432 676 2487 ab
690 2430 769 2488 Jove
785 2446 912 2486 summo.
955 2430 1014 2486 380

76 2507 132 2564 Bis
146 2509 232 2565 denis
248 2509 417 2585 Phrygium
433 2511 594 2567 conscendi
608 2511 740 2567 navibus
756 2527 876 2583 aequor,
986 2556 989 2561 .

76 2585 177 2644 Matre
192 2589 248 2645 dea
262 2595 451 2646 monstrante
467 2591 556 2657 viam,
573 2590 646 2646 data
661 2590 726 2646 iata
741 2598 880 2662 secutus3

76 2664 140 2723 Vix
154 2673 269 2742 septem
285 2669 445 2726 convulsae
461 2669 551 2726 undis
566 2669 708 2744 Euroque
724 2677 894 2745 supersunt

76 2744 147 2820 Ipse
162 2747 296 2821 ignotus,
312 2765 413 2822 egens,
431 2748 550 2823 Libyae
565 2749 686 2806 deserta
699 2766 836 2823 peragro,

76 2824 198 2900 Europa
213 2833 302 2901 atque
319 2829 397 2884 Asia
410 2828 547 2902 pulsus.”
588 2828 653 2885 Nec
667 2829 754 2902 plura
769 2830 944 2903 querentem
956 2826 1014 2882 385

77 2905 176 2962 Passa
191 2906 296 2964 Venus
311 2908 410 2965 medio
426 2907 470 2964 sic
484 2908 629 2964 interfata
643 2908 744 2965 dolore
759 2913 822 2963 est:

118 3068 134 3093 “
145 3064 289 3140 Quisquis
298 3083 340 3135 οε,
349 3066 439 3136 haud,
451 3066 546 3136 erede,
557 3066 675 3123 invisus
684 3065 865 3123 caelestibus
876 3079 966 3121 auras

75 3142 194 3201 Vitales
208 3146 316 3219 carpis,
333 3145 457 3219 Tyriam
474 3145 526 3218 qui
541 3145 700 3202 adveneris
715 3144 825 3201 urbem.

77 3222 175 3298 Perge
190 3225 287 3294 modo,
304 3229 394 3298 atque
410 3223 480 3281 hine
494 3229 524 3281 te
539 3224 661 3298 reginae
677 3225 716 3280 ad
730 3223 836 3279 limina
849 3223 954 3297 perfer.

75 3301 215 3378 Namque
230 3303 286 3360 tibi
300 3303 424 3360 reduces
439 3303 537 3360 socios
551 3303 738 3378 classemque
751 3302 879 3360 relatam
958 3299 1015 3356 390

75 3381 193 3440 Nuntio
205 3388 236 3438 et
250 3383 280 3438 ln
296 3386 395 3440 tntum
411 3382 509 3442 versis
526 3381 736 3462 Aquilonihus
748 3386 863 3453 aetam,
972 3415 975 3419 -
