2204 3676
350 195 504 245 1111111
529 197 666 246 annuns
690 198 747 247 111.
972 185 1016 252 17

74 349 263 423 Velatasque
278 365 381 405 eomas
394 349 623 424 praesentiaque
638 366 691 406 ora
705 349 848 426 videbar3

75 428 156 486 Tum
171 428 289 502 gelidus
304 432 369 483 toto
383 428 526 485 manabat
540 446 662 503 corpore
678 429 793 505 audon)
958 431 1014 492 115

76 507 213 581 Corripio
228 525 244 564 e
260 507 364 564 stratis
379 524 496 582 cerpus,
512 508 661 582 tendoque
677 509 802 582 supinas

75 586 128 644 Ad
142 587 258 644 caelum
273 603 341 642 cum
356 603 428 643 voce
442 604 557 655 manus,
574 593 605 643 et
619 605 744 643 munera
759 588 819 644 libo

74 665 262 722 intemerata
275 665 359 722 iocis.
402 663 538 723 Perfecto
553 666 650 723 laetus
666 667 776 724 honere

73 744 230 802 Anchisen
245 745 323 801 faeie
338 751 460 815 certum,
476 763 597 820 remque
612 747 716 802 ordine
729 747 838 821 pande.

73 825 214 899 Agnovit
227 824 343 898 prolem
358 824 533 898 ambiguam
549 825 744 900 geminosque
759 832 908 900 parentes,
955 827 1011 884 180

74 903 172 979 Seque
187 921 267 961 nevo
281 908 417 960 veterum
432 905 590 979 deceptum
604 921 702 961 errore
717 905 858 962 locorum.

74 983 153 1039 Tum
168 988 332 1040 memorat:
357 988 373 1012 “
383 983 472 1049 Nate,
489 985 591 1040 Iliacis
606 985 734 1041 exercito
750 984 831 1055 fatis,

74 1061 147 1120 Sela
160 1063 235 1119 mihi
248 1063 325 1119 tales
340 1079 429 1120 casus
444 1063 617 1121 Cassandra
631 1065 774 1138 cauebat3

72 1141 162 1199 Nunc
176 1147 278 1218 repeto
294 1142 366 1200 haec
381 1144 483 1216 generi
497 1144 675 1218 portendere
689 1144 791 1200 debita
805 1149 918 1215 nostre,

73 1221 115 1278 Et
130 1239 218 1297 saepe
233 1221 422 1299 Hesperiam,
438 1240 526 1298 saepe
542 1223 622 1280 Itala
636 1241 730 1298 regna
746 1242 860 1281 vocare.
954 1227 1009 1282 185

74 1299 132 1358 Sed
149 1301 215 1376 quis
231 1301 269 1358 ad
284 1301 449 1375 Hesperiae
464 1309 609 1359 venturos
624 1303 715 1359 litera
730 1303 862 1360 Teucros

74 1379 238 1438 Crederet?
260 1387 313 1437 aut
328 1398 415 1456 quem
430 1388 495 1438 tum
509 1394 597 1438 vates
613 1382 786 1439 Cassandra
800 1381 956 1439 moveret?

74 1459 224 1517 Cedamus
240 1460 372 1530 Phoebe,
388 1466 419 1518 et
432 1463 540 1518 moniti
556 1463 680 1518 meliora
696 1479 856 1537 sequamur
869 1459 902 1517 l'’

73 1538 123 1596 Sic
138 1540 189 1610 ait,
204 1544 235 1595 et
250 1541 350 1596 cuncti
365 1541 444 1597 dieto
457 1559 598 1616 paremus
615 1547 749 1599 ovantes,

73 1619 163 1676 Hanc
177 1637 294 1694 quoqne
308 1620 474 1676 deserimus
489 1621 599 1691 sedem,
616 1622 777 1695 paucisque
792 1622 905 1677 relictis
952 1623 1007 1678 190

72 1698 152 1755 Vela
167 1699 283 1770 damus,
299 1705 479 1775 vastumque
495 1718 571 1757 cava
584 1701 669 1758 trabe
686 1701 832 1758 currimus
848 1717 966 1773 aequor.

112 1858 278 1935 Postquam
294 1859 389 1917 altum
403 1864 526 1917 tenuere
540 1867 629 1931 rates,
645 1877 699 1917 nec
709 1862 772 1934 jam
788 1859 917 1934 amplius
931 1859 1010 1917 ullae

73 1937 233 2013 Apparent
245 1946 350 2009 terrae,
367 1940 483 1996 caelum
497 1940 629 2014 undique
645 1945 675 1995 et
689 1939 820 2012 undique
835 1945 954 2013 pentus,

72 2017 152 2074 Tum
166 2018 240 2075 mihi
254 2019 409 2076 caeruleus
425 2037 515 2094 supra
529 2025 618 2093 caput
634 2019 752 2074 adstitit
767 2019 870 2085 imber,

72 2097 201 2154 Noctem
209 2097 396 2173 hiememque
403 2099 509 2167 terena,
517 2105 546 2154 et
555 2098 703 2154 inhorruit
712 2098 793 2153 unda
804 2097 943 2153 tenebris.
953 2098 1009 2154 105

73 2175 226 2234 Continuo
241 2178 325 2235 venti
340 2178 468 2235 volvunt
481 2195 563 2234 mare
578 2195 746 2252 magnaque
763 2180 893 2250 surgunt

72 2256 236 2331 Aequora3
259 2257 386 2333 dispersi
396 2259 549 2331 jactamur
564 2258 682 2331 gurgite
698 2262 795 2312 vaste.

72 2336 232 2394 Involvere
247 2337 326 2394 diem
342 2337 443 2406 nimbi,
459 2343 489 2393 et
503 2354 563 2393 nex
577 2337 701 2392 humida
716 2335 832 2392 caelum

73 2415 232 2489 Abstulit3
252 2417 442 2490 ingeminant
457 2417 592 2490 abruptis
607 2416 735 2472 nubibus
750 2415 847 2488 ignes.

74 2496 252 2552 Excutimur
266 2514 364 2566 cursa,
381 2502 411 2552 11
426 2496 523 2553 caeeis
537 2513 672 2552 erramus
687 2496 717 2550 in
732 2494 830 2550 undis.
955 2496 1012 2552 200

74 2577 145 2648 Ipse
160 2575 239 2632 diem
255 2581 434 2649 noctemque
449 2582 542 2648 negat
556 2575 723 2632 discernere
739 2573 829 2642 caele,

71 2655 332 2746 Q‘Z
342 2656 532 2736 Qmedia
544 2655 707 2711 Palinurus
722 2653 752 2709 in
767 2653 856 2709 unda.

74 2734 150 2790 Tres
165 2734 239 2791 adeo
254 2726 384 2791 incertos
400 2752 489 2791 caeca
504 2734 631 2807 caligine
647 2732 756 2789 selcs'''
787 2738 798 2747 '
824 2732 827 2737 '

74 2814 220 2870 Erramus
235 2814 352 2888 pelage,
369 2815 494 2870 totidem
510 2813 574 2869 sine
590 2814 686 2869 sidere
701 2818 822 2885 noetcs;

76 2893 191 2965 Quarto
205 2898 285 2949 terra
300 2894 348 2949 die
362 2894 494 2968 primum
511 2911 542 2948 se
559 2893 832 2949 attollere'taudcm
957 2893 1012 2948 205

73 2971 159 3041 Visa,
177 2973 290 3047 aperire
304 2972 407 3046 procul
421 2979 547 3042 mentes,
565 2991 598 3028 ae
613 2973 733 3027 volvere
749 2971 872 3026 fumum.

75 3051 154 3108 Vela
168 3052 288 3122 cadunt,
305 3052 395 3107 remis
411 3052 597 3125 insurgimus
611 3072 618 3123 ;
641 3051 722 3106 haud
736 3066 830 3118 mera,
846 3054 958 3106 nautae

75 3131 191 3188 Annixi
204 3136 347 3205 torquent
362 3148 484 3205 spumas
499 3136 529 3186 et
544 3130 663 3186 caerula
678 3132 808 3184 verrunt.

75 3209 238 3267 Servatum
252 3227 290 3267 ex
304 3210 394 3265 undis
410 3209 615 3284 Strophadum
630 3226 677 3263 me
693 3207 783 3262 litora
796 3205 928 3280 primum

76 3289 246 3365 Accipiunt.
292 3288 477 3363 Strophades
494 3288 586 3345 Graio
602 3292 686 3343 stant
701 3285 821 3341 nemine
837 3285 934 3342 dictae
957 3286 1015 3342 210

75 3369 198 3429 Insulae
213 3369 302 3426 Ionio
316 3368 346 3424 in
361 3385 480 3442 niagno,
498 3383 574 3443 quas
590 3366 657 3426 dira
672 3364 807 3426 Celaeno
