<?xml version="1.0" encoding="UTF-8"?>
<!DOCTYPE html PUBLIC "-//W3C//DTD XHTML 1.0 Transitional//EN"
    "http://www.w3.org/TR/xhtml1/DTD/xhtml1-transitional.dtd">
<html xmlns="http://www.w3.org/1999/xhtml" xml:lang="en" lang="en">
 <head>
  <title>
</title>
<meta http-equiv="Content-Type" content="text/html;charset=utf-8" />
  <meta name='ocr-system' content='tesseract 3.04.00' />
  <meta name='ocr-capabilities' content='ocr_page ocr_carea ocr_par ocr_line ocrx_word'/>
</head>
<body>
  <div class='ocr_page' id='page_1' title='image "./sixbooksneidvir00virggoog_0053.png"; bbox 0 0 2204 3676; ppageno 0'>
   <div class='ocr_carea' id='block_1_1' title="bbox 118 191 781 258">
    <p class='ocr_par' dir='ltr' id='par_1_1' title="bbox 118 191 781 258">
     <span class='ocr_line' id='line_1_1' title="bbox 118 191 781 258; baseline -0.002 -3"><span class='ocrx_word' id='word_1_1' title='bbox 118 191 161 255; x_wconf 86' lang='lat'>44</span> <span class='ocrx_word' id='word_1_2' title='bbox 393 207 551 258; x_wconf 74' lang='lat' dir='ltr'>unacum</span> <span class='ocrx_word' id='word_1_3' title='bbox 575 206 715 255; x_wconf 75' lang='lat' dir='ltr'>anunm</span> <span class='ocrx_word' id='word_1_4' title='bbox 738 206 781 256; x_wconf 89' lang='lat'>11.</span> 
     </span>
    </p>
   </div>
   <div class='ocr_carea' id='block_1_2' title="bbox 90 357 1095 1546">
    <p class='ocr_par' dir='ltr' id='par_1_2' title="bbox 118 357 900 433">
     <span class='ocr_line' id='line_1_2' title="bbox 118 357 900 433; baseline 0.003 -17"><span class='ocrx_word' id='word_1_5' title='bbox 118 358 265 433; x_wconf 73' lang='lat' dir='ltr'>Cingitur,</span> <span class='ocrx_word' id='word_1_6' title='bbox 282 377 316 417; x_wconf 89' lang='lat' dir='ltr'>ac</span> <span class='ocrx_word' id='word_1_7' title='bbox 331 359 441 417; x_wconf 88' lang='lat' dir='ltr'>densos</span> <span class='ocrx_word' id='word_1_8' title='bbox 456 360 550 416; x_wconf 89' lang='lat' dir='ltr'>fertur</span> <span class='ocrx_word' id='word_1_9' title='bbox 563 357 727 416; x_wconf 85' lang='lat' dir='ltr'>moriturus</span> <span class='ocrx_word' id='word_1_10' title='bbox 742 358 773 415; x_wconf 90' lang='lat' dir='ltr'>in</span> <span class='ocrx_word' id='word_1_11' title='bbox 787 357 900 418; x_wconf 82' lang='lat' dir='ltr'>hostes.</span> 
     </span>
    </p>

    <p class='ocr_par' dir='ltr' id='par_1_3' title="bbox 96 438 1095 1210">
     <span class='ocr_line' id='line_1_3' title="bbox 96 438 866 513; baseline 0.001 -18"><span class='ocrx_word' id='word_1_12' title='bbox 96 438 256 495; x_wconf 87' lang='lat' dir='ltr'>···Aedibus</span> <span class='ocrx_word' id='word_1_13' title='bbox 270 439 301 495; x_wconf 89' lang='lat' dir='ltr'>in</span> <span class='ocrx_word' id='word_1_14' title='bbox 317 439 424 495; x_wconf 85' lang='lat' dir='ltr'>mediis</span> <span class='ocrx_word' id='word_1_15' title='bbox 439 440 578 513; x_wconf 89' lang='lat' dir='ltr'>nudoque</span> <span class='ocrx_word' id='word_1_16' title='bbox 594 439 649 495; x_wconf 86' lang='lat' dir='ltr'>sub</span> <span class='ocrx_word' id='word_1_17' title='bbox 665 439 795 494; x_wconf 82' lang='lat' dir='ltr'>aetheris</span> <span class='ocrx_word' id='word_1_18' title='bbox 811 456 866 496; x_wconf 86' lang='lat' dir='ltr'>axe</span> 
     </span>
     <span class='ocr_line' id='line_1_4' title="bbox 117 517 835 593; baseline 0.001 -20"><span class='ocrx_word' id='word_1_19' title='bbox 117 517 230 591; x_wconf 87' lang='lat' dir='ltr'>Ingens</span> <span class='ocrx_word' id='word_1_20' title='bbox 246 536 297 574; x_wconf 87' lang='lat' dir='ltr'>nra</span> <span class='ocrx_word' id='word_1_21' title='bbox 313 519 378 586; x_wconf 86' lang='lat' dir='ltr'>fuit,</span> <span class='ocrx_word' id='word_1_22' title='bbox 389 519 533 593; x_wconf 82' lang='lat' dir='ltr'>juxtaque</span> <span class='ocrx_word' id='word_1_23' title='bbox 552 518 711 574; x_wconf 88' lang='lat' dir='ltr'>veterrima</span> <span class='ocrx_word' id='word_1_24' title='bbox 725 519 835 588; x_wconf 87' lang='lat' dir='ltr'>laurus,</span> 
     </span>
     <span class='ocr_line' id='line_1_5' title="bbox 117 597 943 672; baseline 0.004 -19"><span class='ocrx_word' id='word_1_25' title='bbox 117 597 298 654; x_wconf 87' lang='lat' dir='ltr'>Incnrnbens</span> <span class='ocrx_word' id='word_1_26' title='bbox 313 615 380 653; x_wconf 84' lang='lat' dir='ltr'>arae</span> <span class='ocrx_word' id='word_1_27' title='bbox 397 604 487 671; x_wconf 88' lang='lat' dir='ltr'>atque</span> <span class='ocrx_word' id='word_1_28' title='bbox 503 598 608 653; x_wconf 86' lang='lat' dir='ltr'>umbra</span> <span class='ocrx_word' id='word_1_29' title='bbox 623 597 777 672; x_wconf 85' lang='lat' dir='ltr'>complexa</span> <span class='ocrx_word' id='word_1_30' title='bbox 794 598 943 656; x_wconf 80' lang='lat' dir='ltr'>Penates:</span> 
     </span>
     <span class='ocr_line' id='line_1_6' title="bbox 118 675 1081 750; baseline 0.005 -18"><span class='ocrx_word' id='word_1_31' title='bbox 118 675 177 733; x_wconf 87' lang='lat' dir='ltr'>Hie</span> <span class='ocrx_word' id='word_1_32' title='bbox 193 677 319 733; x_wconf 84' lang='lat' dir='ltr'>Hecuba</span> <span class='ocrx_word' id='word_1_33' title='bbox 332 682 363 732; x_wconf 88' lang='lat' dir='ltr'>et</span> <span class='ocrx_word' id='word_1_34' title='bbox 377 685 466 732; x_wconf 88' lang='lat' dir='ltr'>natae</span> <span class='ocrx_word' id='word_1_35' title='bbox 481 677 684 750; x_wconf 84' lang='lat' dir='ltr'>nequidquam</span> <span class='ocrx_word' id='word_1_36' title='bbox 700 676 808 733; x_wconf 91' lang='lat' dir='ltr'>altaria</span> <span class='ocrx_word' id='word_1_37' title='bbox 822 678 943 749; x_wconf 86' lang='lat' dir='ltr'>circum,</span> <span class='ocrx_word' id='word_1_38' title='bbox 994 676 1056 736; x_wconf 88' lang='grc'>515</span> <span class='ocrx_word' id='word_1_39' title='bbox 1077 731 1081 737; x_wconf 85' lang='grc'><strong><em>,</em></strong></span> 
     </span>
     <span class='ocr_line' id='line_1_7' title="bbox 118 756 1039 831; baseline 0 -19"><span class='ocrx_word' id='word_1_40' title='bbox 118 756 301 830; x_wconf 76' lang='lat' dir='ltr'>Praecipites</span> <span class='ocrx_word' id='word_1_41' title='bbox 316 761 382 812; x_wconf 88' lang='lat' dir='ltr'>atra</span> <span class='ocrx_word' id='word_1_42' title='bbox 396 774 450 812; x_wconf 90' lang='lat' dir='ltr'>eeu</span> <span class='ocrx_word' id='word_1_43' title='bbox 465 762 645 829; x_wconf 86' lang='lat' dir='ltr'>tempestate</span> <span class='ocrx_word' id='word_1_44' title='bbox 661 756 824 826; x_wconf 88' lang='lat' dir='ltr'>columbae,</span> <span class='ocrx_word' id='word_1_45' title='bbox 1036 826 1039 831; x_wconf 90' lang='lat'>.</span> 
     </span>
     <span class='ocr_line' id='line_1_8' title="bbox 119 835 975 908; baseline 0 -16"><span class='ocrx_word' id='word_1_46' title='bbox 119 835 297 892; x_wconf 84' lang='lat' dir='ltr'>Oondensae</span> <span class='ocrx_word' id='word_1_47' title='bbox 311 841 342 892; x_wconf 90' lang='lat' dir='ltr'>et</span> <span class='ocrx_word' id='word_1_48' title='bbox 357 835 459 891; x_wconf 88' lang='lat' dir='ltr'>divinn</span> <span class='ocrx_word' id='word_1_49' title='bbox 476 835 629 908; x_wconf 79' lang='lat' dir='ltr'>amplexae</span> <span class='ocrx_word' id='word_1_50' title='bbox 645 835 806 891; x_wconf 86' lang='lat' dir='ltr'>simulacra</span> <span class='ocrx_word' id='word_1_51' title='bbox 822 835 975 893; x_wconf 83' lang='lat' dir='ltr'>sedebant.</span> 
     </span>
     <span class='ocr_line' id='line_1_9' title="bbox 117 913 965 989; baseline 0.001 -18"><span class='ocrx_word' id='word_1_52' title='bbox 117 914 221 988; x_wconf 89' lang='lat' dir='ltr'>Ipsum</span> <span class='ocrx_word' id='word_1_53' title='bbox 237 922 337 971; x_wconf 88' lang='lat' dir='ltr'>autem</span> <span class='ocrx_word' id='word_1_54' title='bbox 353 915 481 989; x_wconf 87' lang='lat' dir='ltr'>sumptis</span> <span class='ocrx_word' id='word_1_55' title='bbox 498 913 652 970; x_wconf 85' lang='lat' dir='ltr'>Priamum</span> <span class='ocrx_word' id='word_1_56' title='bbox 663 914 857 988; x_wconf 87' lang='lat' dir='ltr'>juvenalibus</span> <span class='ocrx_word' id='word_1_57' title='bbox 872 915 965 972; x_wconf 87' lang='lat' dir='ltr'>armis</span> 
     </span>
     <span class='ocr_line' id='line_1_10' title="bbox 117 993 982 1067; baseline 0 -17"><span class='ocrx_word' id='word_1_58' title='bbox 117 993 161 1051; x_wconf 94' lang='lat' dir='ltr'>Ut</span> <span class='ocrx_word' id='word_1_59' title='bbox 176 994 259 1062; x_wconf 87' lang='lat' dir='ltr'>vidit,</span> <span class='ocrx_word' id='word_1_60' title='bbox 277 999 293 1023; x_wconf 85' lang='lat'><em>“</em></span> <span class='ocrx_word' id='word_1_61' title='bbox 305 995 388 1067; x_wconf 72' lang='lat' dir='ltr'>Quae</span> <span class='ocrx_word' id='word_1_62' title='bbox 403 1011 488 1050; x_wconf 88' lang='lat' dir='ltr'>mens</span> <span class='ocrx_word' id='word_1_63' title='bbox 504 999 567 1050; x_wconf 88' lang='lat' dir='ltr'>tarn</span> <span class='ocrx_word' id='word_1_64' title='bbox 582 995 656 1062; x_wconf 91' lang='lat' dir='ltr'>dira,</span> <span class='ocrx_word' id='word_1_65' title='bbox 668 994 834 1050; x_wconf 87' lang='lat' dir='ltr'>miserrime</span> <span class='ocrx_word' id='word_1_66' title='bbox 844 995 982 1067; x_wconf 85' lang='lat' dir='ltr'>conjunx,</span> 
     </span>
     <span class='ocr_line' id='line_1_11' title="bbox 116 1071 1095 1149; baseline 0 -18"><span class='ocrx_word' id='word_1_67' title='bbox 116 1073 244 1147; x_wconf 81' lang='lat' dir='ltr'>Impulit</span> <span class='ocrx_word' id='word_1_68' title='bbox 259 1073 305 1129; x_wconf 83' lang='lat' dir='ltr'>his</span> <span class='ocrx_word' id='word_1_69' title='bbox 320 1073 401 1146; x_wconf 91' lang='lat' dir='ltr'>cingi</span> <span class='ocrx_word' id='word_1_70' title='bbox 416 1074 494 1142; x_wconf 90' lang='lat' dir='ltr'>telis,</span> <span class='ocrx_word' id='word_1_71' title='bbox 512 1071 761 1147; x_wconf 86' lang='lat' dir='ltr'>autqu01·uis?&#39;’</span> <span class='ocrx_word' id='word_1_72' title='bbox 776 1073 885 1149; x_wconf 88' lang='lat' dir='ltr'>inquit.</span> <span class='ocrx_word' id='word_1_73' title='bbox 997 1074 1058 1132; x_wconf 80' lang='lat'>520</span> <span class='ocrx_word' id='word_1_74' title='bbox 1092 1110 1095 1114; x_wconf 89' lang='lat'>·</span> 
     </span>
     <span class='ocr_line' id='line_1_12' title="bbox 117 1152 783 1210; baseline 0 -1"><span class='ocrx_word' id='word_1_75' title='bbox 117 1157 133 1182; x_wconf 86' lang='lat'><strong>“</strong></span> <span class='ocrx_word' id='word_1_76' title='bbox 144 1153 173 1209; x_wconf 84' lang='lat' dir='ltr'>N</span> <span class='ocrx_word' id='word_1_77' title='bbox 176 1170 214 1209; x_wconf 93' lang='lat' dir='ltr'>on</span> <span class='ocrx_word' id='word_1_78' title='bbox 229 1153 284 1210; x_wconf 87' lang='lat' dir='ltr'>tali</span> <span class='ocrx_word' id='word_1_79' title='bbox 299 1153 408 1209; x_wconf 83' lang='lat' dir='ltr'>anxilio</span> <span class='ocrx_word' id='word_1_80' title='bbox 423 1171 477 1210; x_wconf 91' lang='lat' dir='ltr'>nec</span> <span class='ocrx_word' id='word_1_81' title='bbox 493 1152 700 1209; x_wconf 81' lang='lat' dir='ltr'>defensoribus</span> <span class='ocrx_word' id='word_1_82' title='bbox 716 1153 783 1209; x_wconf 87' lang='lat' dir='ltr'>istis</span> 
     </span>
    </p>

    <p class='ocr_par' dir='ltr' id='par_1_4' title="bbox 95 1196 1001 1313">
     <span class='ocr_line' id='line_1_13' title="bbox 95 1196 1001 1313; baseline 0.002 -25"><span class='ocrx_word' id='word_1_83' title='bbox 95 1196 99 1313; x_wconf 45' lang='lat' dir='ltr'>l</span> <span class='ocrx_word' id='word_1_84' title='bbox 117 1231 248 1307; x_wconf 86' lang='lat' dir='ltr'>Tempus</span> <span class='ocrx_word' id='word_1_85' title='bbox 262 1239 350 1306; x_wconf 84' lang='lat' dir='ltr'>eget3</span> <span class='ocrx_word' id='word_1_86' title='bbox 367 1251 434 1301; x_wconf 90' lang='lat' dir='ltr'>non,</span> <span class='ocrx_word' id='word_1_87' title='bbox 448 1233 473 1290; x_wconf 88' lang='lat' dir='ltr'>si</span> <span class='ocrx_word' id='word_1_88' title='bbox 488 1233 552 1306; x_wconf 92' lang='lat' dir='ltr'>ipse</span> <span class='ocrx_word' id='word_1_89' title='bbox 568 1250 653 1289; x_wconf 90' lang='lat' dir='ltr'>meus</span> <span class='ocrx_word' id='word_1_90' title='bbox 668 1251 746 1290; x_wconf 90' lang='lat' dir='ltr'>nunc</span> <span class='ocrx_word' id='word_1_91' title='bbox 761 1233 866 1289; x_wconf 86' lang='lat' dir='ltr'>afforet</span> <span class='ocrx_word' id='word_1_92' title='bbox 877 1232 1001 1290; x_wconf 85' lang='lat' dir='ltr'>Hector.</span> 
     </span>
    </p>

    <p class='ocr_par' dir='ltr' id='par_1_5' title="bbox 91 1312 926 1387">
     <span class='ocr_line' id='line_1_14' title="bbox 91 1312 926 1387; baseline 0.001 -19"><span class='ocrx_word' id='word_1_93' title='bbox 91 1316 96 1387; x_wconf 73' lang='lat' dir='ltr'><strong>j</strong></span> <span class='ocrx_word' id='word_1_94' title='bbox 118 1312 187 1368; x_wconf 91' lang='lat' dir='ltr'>Huc</span> <span class='ocrx_word' id='word_1_95' title='bbox 202 1313 324 1368; x_wconf 88' lang='lat' dir='ltr'>tandem</span> <span class='ocrx_word' id='word_1_96' title='bbox 340 1313 485 1384; x_wconf 84' lang='lat' dir='ltr'>concede3</span> <span class='ocrx_word' id='word_1_97' title='bbox 508 1312 581 1369; x_wconf 91' lang='lat' dir='ltr'>haec</span> <span class='ocrx_word' id='word_1_98' title='bbox 597 1330 648 1369; x_wconf 89' lang='lat' dir='ltr'>ara</span> <span class='ocrx_word' id='word_1_99' title='bbox 663 1313 796 1369; x_wconf 87' lang='lat' dir='ltr'>tuebitur</span> <span class='ocrx_word' id='word_1_100' title='bbox 811 1329 926 1380; x_wconf 77' lang='lat' dir='ltr'>omneS,</span> 
     </span>
    </p>

    <p class='ocr_par' dir='ltr' id='par_1_6' title="bbox 90 1391 1057 1546">
     <span class='ocr_line' id='line_1_15' title="bbox 90 1391 855 1467; baseline 0 -19"><span class='ocrx_word' id='word_1_101' title='bbox 90 1404 92 1411; x_wconf 81' lang='grc'>’</span> <span class='ocrx_word' id='word_1_102' title='bbox 116 1392 182 1448; x_wconf 82' lang='lat' dir='ltr'>Aut</span> <span class='ocrx_word' id='word_1_103' title='bbox 196 1392 321 1449; x_wconf 85' lang='lat' dir='ltr'>morlere</span> <span class='ocrx_word' id='word_1_104' title='bbox 338 1392 456 1449; x_wconf 87' lang='lat' dir='ltr'>sirnul.”</span> <span class='ocrx_word' id='word_1_105' title='bbox 500 1391 549 1448; x_wconf 84' lang='lat' dir='ltr'>Sic</span> <span class='ocrx_word' id='word_1_106' title='bbox 564 1410 613 1449; x_wconf 90' lang='lat' dir='ltr'>ore</span> <span class='ocrx_word' id='word_1_107' title='bbox 628 1392 727 1461; x_wconf 86' lang='lat' dir='ltr'>effata,</span> <span class='ocrx_word' id='word_1_108' title='bbox 743 1393 855 1467; x_wconf 89' lang='lat' dir='ltr'>recepit</span> 
     </span>
     <span class='ocr_line' id='line_1_16' title="bbox 115 1471 1057 1546; baseline 0.001 -18"><span class='ocrx_word' id='word_1_109' title='bbox 115 1471 167 1528; x_wconf 85' lang='lat' dir='ltr'>Ad</span> <span class='ocrx_word' id='word_1_110' title='bbox 183 1489 249 1529; x_wconf 87' lang='lat' dir='ltr'>sese</span> <span class='ocrx_word' id='word_1_111' title='bbox 264 1478 296 1529; x_wconf 90' lang='lat' dir='ltr'>et</span> <span class='ocrx_word' id='word_1_112' title='bbox 309 1489 395 1529; x_wconf 87' lang='lat' dir='ltr'>sacra</span> <span class='ocrx_word' id='word_1_113' title='bbox 410 1472 593 1546; x_wconf 89' lang='lat' dir='ltr'>longaevum</span> <span class='ocrx_word' id='word_1_114' title='bbox 607 1473 638 1528; x_wconf 91' lang='lat' dir='ltr'>in</span> <span class='ocrx_word' id='word_1_115' title='bbox 653 1473 723 1529; x_wconf 88' lang='lat' dir='ltr'>sede</span> <span class='ocrx_word' id='word_1_116' title='bbox 739 1472 858 1530; x_wconf 86' lang='lat' dir='ltr'>locavit.</span> <span class='ocrx_word' id='word_1_117' title='bbox 995 1471 1057 1530; x_wconf 76' lang='lat'>525</span> 
     </span>
    </p>
   </div>
   <div class='ocr_carea' id='block_1_3' title="bbox 59 1629 1057 2659">
    <p class='ocr_par' dir='ltr' id='par_1_7' title="bbox 59 1629 1057 2659">
     <span class='ocr_line' id='line_1_17' title="bbox 155 1629 973 1706; baseline 0 -18"><span class='ocrx_word' id='word_1_118' title='bbox 155 1629 232 1688; x_wconf 83' lang='lat' dir='ltr'>Ecce</span> <span class='ocrx_word' id='word_1_119' title='bbox 249 1637 349 1688; x_wconf 90' lang='lat' dir='ltr'>autem</span> <span class='ocrx_word' id='word_1_120' title='bbox 364 1632 486 1706; x_wconf 88' lang='lat' dir='ltr'>elapsus</span> <span class='ocrx_word' id='word_1_121' title='bbox 501 1630 614 1705; x_wconf 87' lang='lat' dir='ltr'>Pyrrhi</span> <span class='ocrx_word' id='word_1_122' title='bbox 629 1631 665 1688; x_wconf 89' lang='lat' dir='ltr'>de</span> <span class='ocrx_word' id='word_1_123' title='bbox 681 1632 770 1688; x_wconf 88' lang='lat' dir='ltr'>caedo</span> <span class='ocrx_word' id='word_1_124' title='bbox 786 1631 910 1700; x_wconf 88' lang='lat' dir='ltr'>Polites,</span> <span class='ocrx_word' id='word_1_125' title='bbox 971 1645 973 1651; x_wconf 86' lang='lat'>·</span> 
     </span>
     <span class='ocr_line' id='line_1_18' title="bbox 115 1707 836 1785; baseline 0.001 -19"><span class='ocrx_word' id='word_1_126' title='bbox 115 1707 204 1767; x_wconf 87' lang='lat' dir='ltr'>Unus</span> <span class='ocrx_word' id='word_1_127' title='bbox 219 1717 357 1768; x_wconf 89' lang='lat' dir='ltr'>natorum</span> <span class='ocrx_word' id='word_1_128' title='bbox 374 1711 498 1779; x_wconf 83' lang='lat' dir='ltr'>Priami,</span> <span class='ocrx_word' id='word_1_129' title='bbox 514 1729 567 1785; x_wconf 92' lang='lat' dir='ltr'>per</span> <span class='ocrx_word' id='word_1_130' title='bbox 580 1710 649 1779; x_wconf 93' lang='lat' dir='ltr'>tela,</span> <span class='ocrx_word' id='word_1_131' title='bbox 665 1728 719 1785; x_wconf 90' lang='lat' dir='ltr'>per</span> <span class='ocrx_word' id='word_1_132' title='bbox 734 1711 836 1767; x_wconf 88' lang='lat' dir='ltr'>hostes</span> 
     </span>
     <span class='ocr_line' id='line_1_19' title="bbox 59 1789 876 1864; baseline 0.007 -23"><span class='ocrx_word' id='word_1_133' title='bbox 59 1837 62 1841; x_wconf 23' lang='lat' dir='ltr'><strong><em>J</em></strong></span> <span class='ocrx_word' id='word_1_134' title='bbox 116 1789 286 1846; x_wconf 86' lang='lat' dir='ltr'>Porticibus</span> <span class='ocrx_word' id='word_1_135' title='bbox 302 1791 400 1864; x_wconf 89' lang='lat' dir='ltr'>longis</span> <span class='ocrx_word' id='word_1_136' title='bbox 415 1791 501 1863; x_wconf 88' lang='lat' dir='ltr'>fugit,</span> <span class='ocrx_word' id='word_1_137' title='bbox 518 1795 548 1846; x_wconf 91' lang='lat' dir='ltr'>et</span> <span class='ocrx_word' id='word_1_138' title='bbox 563 1808 660 1846; x_wconf 86' lang='lat' dir='ltr'>vacua</span> <span class='ocrx_word' id='word_1_139' title='bbox 675 1791 752 1847; x_wconf 88' lang='lat' dir='ltr'>atria</span> <span class='ocrx_word' id='word_1_140' title='bbox 766 1791 876 1847; x_wconf 86' lang='lat' dir='ltr'>lustrat</span> 
     </span>
     <span class='ocr_line' id='line_1_20' title="bbox 116 1864 910 1944; baseline 0.003 -19"><span class='ocrx_word' id='word_1_141' title='bbox 116 1864 242 1925; x_wconf 83' lang='lat' dir='ltr'>Saucius</span> <span class='ocrx_word' id='word_1_142' title='bbox 255 1890 261 1942; x_wconf 79' lang='lat'><em>3</em></span> <span class='ocrx_word' id='word_1_143' title='bbox 283 1870 369 1925; x_wconf 90' lang='lat' dir='ltr'>illum</span> <span class='ocrx_word' id='word_1_144' title='bbox 385 1871 493 1926; x_wconf 82' lang='lat' dir='ltr'>ardens</span> <span class='ocrx_word' id='word_1_145' title='bbox 508 1869 618 1925; x_wconf 88' lang='lat' dir='ltr'>infesto</span> <span class='ocrx_word' id='word_1_146' title='bbox 633 1870 755 1926; x_wconf 90' lang='lat' dir='ltr'>vulnere</span> <span class='ocrx_word' id='word_1_147' title='bbox 772 1869 910 1944; x_wconf 82' lang='lat' dir='ltr'>Pyrrhus</span> 
     </span>
     <span class='ocr_line' id='line_1_21' title="bbox 114 1948 1057 2025; baseline 0.004 -21"><span class='ocrx_word' id='word_1_148' title='bbox 114 1948 296 2023; x_wconf 87' lang='lat' dir='ltr'>Insequitur,</span> <span class='ocrx_word' id='word_1_149' title='bbox 308 1951 372 2022; x_wconf 86' lang='lat' dir='ltr'>jam</span> <span class='ocrx_word' id='word_1_150' title='bbox 382 1951 505 2023; x_wconf 89' lang='lat' dir='ltr'>jamque</span> <span class='ocrx_word' id='word_1_151' title='bbox 517 1966 609 2005; x_wconf 87' lang='lat' dir='ltr'>manu</span> <span class='ocrx_word' id='word_1_152' title='bbox 620 1956 703 2006; x_wconf 89' lang='lat' dir='ltr'>tenet</span> <span class='ocrx_word' id='word_1_153' title='bbox 714 1956 744 2005; x_wconf 91' lang='lat' dir='ltr'>et</span> <span class='ocrx_word' id='word_1_154' title='bbox 754 1950 864 2025; x_wconf 83' lang='lat' dir='ltr'>premit</span> <span class='ocrx_word' id='word_1_155' title='bbox 876 1949 966 2006; x_wconf 87' lang='lat' dir='ltr'>hasta</span> <span class='ocrx_word' id='word_1_156' title='bbox 976 1968 983 2022; x_wconf 78' lang='lat'><em>3</em></span> <span class='ocrx_word' id='word_1_157' title='bbox 995 1949 1057 2008; x_wconf 84' lang='lat'>530</span> 
     </span>
     <span class='ocr_line' id='line_1_22' title="bbox 115 2027 903 2102; baseline 0 -18"><span class='ocrx_word' id='word_1_158' title='bbox 115 2027 160 2084; x_wconf 92' lang='lat' dir='ltr'>Ut</span> <span class='ocrx_word' id='word_1_159' title='bbox 173 2028 295 2085; x_wconf 90' lang='lat' dir='ltr'>tandem</span> <span class='ocrx_word' id='word_1_160' title='bbox 311 2033 380 2084; x_wconf 87' lang='lat' dir='ltr'>ante</span> <span class='ocrx_word' id='word_1_161' title='bbox 396 2029 498 2085; x_wconf 81' lang='lat' dir='ltr'>oculos</span> <span class='ocrx_word' id='word_1_162' title='bbox 509 2029 609 2084; x_wconf 87' lang='lat' dir='ltr'>evasit</span> <span class='ocrx_word' id='word_1_163' title='bbox 623 2035 653 2085; x_wconf 93' lang='lat' dir='ltr'>et</span> <span class='ocrx_word' id='word_1_164' title='bbox 669 2047 720 2085; x_wconf 88' lang='lat' dir='ltr'>ora</span> <span class='ocrx_word' id='word_1_165' title='bbox 735 2035 903 2102; x_wconf 89' lang='lat' dir='ltr'>parentum,</span> 
     </span>
     <span class='ocr_line' id='line_1_23' title="bbox 115 2106 882 2181; baseline -0.001 -16"><span class='ocrx_word' id='word_1_166' title='bbox 115 2106 263 2176; x_wconf 81' lang='lat' dir='ltr'>Concidit,</span> <span class='ocrx_word' id='word_1_167' title='bbox 280 2126 314 2164; x_wconf 88' lang='lat' dir='ltr'>ac</span> <span class='ocrx_word' id='word_1_168' title='bbox 329 2108 424 2165; x_wconf 90' lang='lat' dir='ltr'>multo</span> <span class='ocrx_word' id='word_1_169' title='bbox 440 2109 535 2163; x_wconf 87' lang='lat' dir='ltr'>vitam</span> <span class='ocrx_word' id='word_1_170' title='bbox 551 2126 619 2164; x_wconf 88' lang='lat' dir='ltr'>cnm</span> <span class='ocrx_word' id='word_1_171' title='bbox 634 2109 781 2181; x_wconf 90' lang='lat' dir='ltr'>sangnine</span> <span class='ocrx_word' id='word_1_172' title='bbox 797 2108 882 2164; x_wconf 86' lang='lat' dir='ltr'>indit.</span> 
     </span>
     <span class='ocr_line' id='line_1_24' title="bbox 99 2183 1003 2263; baseline 0 -19"><span class='ocrx_word' id='word_1_173' title='bbox 99 2183 174 2263; x_wconf 75' lang='lat' dir='ltr'>¹Hic</span> <span class='ocrx_word' id='word_1_174' title='bbox 187 2188 335 2256; x_wconf 74' lang='lat' dir='ltr'>Priamus</span> <span class='ocrx_word' id='word_1_175' title='bbox 349 2205 530 2262; x_wconf 86' lang='lat' dir='ltr'>quamquam</span> <span class='ocrx_word' id='word_1_176' title='bbox 544 2188 575 2245; x_wconf 92' lang='lat' dir='ltr'>in</span> <span class='ocrx_word' id='word_1_177' title='bbox 587 2188 686 2243; x_wconf 89' lang='lat' dir='ltr'>media</span> <span class='ocrx_word' id='word_1_178' title='bbox 692 2190 755 2260; x_wconf 88' lang='lat' dir='ltr'>jam</span> <span class='ocrx_word' id='word_1_179' title='bbox 768 2194 862 2244; x_wconf 82' lang='lat' dir='ltr'>morte</span> <span class='ocrx_word' id='word_1_180' title='bbox 875 2191 1003 2257; x_wconf 87' lang='lat' dir='ltr'>tenetur,</span> 
     </span>
     <span class='ocr_line' id='line_1_25' title="bbox 98 2265 923 2341; baseline 0 -18"><span class='ocrx_word' id='word_1_181' title='bbox 98 2265 183 2323; x_wconf 73' lang='lat' dir='ltr'>lNon</span> <span class='ocrx_word' id='word_1_182' title='bbox 197 2273 300 2324; x_wconf 91' lang='lat' dir='ltr'>tamen</span> <span class='ocrx_word' id='word_1_183' title='bbox 315 2267 468 2336; x_wconf 85' lang='lat' dir='ltr'>abstinuit,</span> <span class='ocrx_word' id='word_1_184' title='bbox 486 2285 539 2324; x_wconf 88' lang='lat' dir='ltr'>nee</span> <span class='ocrx_word' id='word_1_185' title='bbox 556 2268 621 2323; x_wconf 82' lang='lat' dir='ltr'>roei</span> <span class='ocrx_word' id='word_1_186' title='bbox 636 2267 756 2341; x_wconf 89' lang='lat' dir='ltr'>iraeque</span> <span class='ocrx_word' id='word_1_187' title='bbox 771 2268 923 2341; x_wconf 84' lang='lat' dir='ltr'>pepercit3</span> 
     </span>
     <span class='ocr_line' id='line_1_26' title="bbox 85 2347 1054 2463; baseline 0.004 -60"><span class='ocrx_word' id='word_1_188' title='bbox 85 2352 98 2463; x_wconf 62' lang='lat' dir='ltr'>q</span> <span class='ocrx_word' id='word_1_189' title='bbox 115 2351 131 2375; x_wconf 88' lang='lat'><em>“</em></span> <span class='ocrx_word' id='word_1_190' title='bbox 142 2347 187 2403; x_wconf 87' lang='lat' dir='ltr'>At</span> <span class='ocrx_word' id='word_1_191' title='bbox 201 2347 255 2403; x_wconf 91' lang='lat' dir='ltr'>tibi</span> <span class='ocrx_word' id='word_1_192' title='bbox 269 2364 322 2423; x_wconf 91' lang='lat' dir='ltr'>pro</span> <span class='ocrx_word' id='word_1_193' title='bbox 338 2347 478 2416; x_wconf 84' lang='lat' dir='ltr'>scelere,&#39;&#39;</span> <span class='ocrx_word' id='word_1_194' title='bbox 493 2347 651 2415; x_wconf 86' lang='lat' dir='ltr'>exclamat,</span> <span class='ocrx_word' id='word_1_195' title='bbox 668 2352 684 2375; x_wconf 86' lang='lat'><strong>“</strong></span> <span class='ocrx_word' id='word_1_196' title='bbox 695 2365 748 2420; x_wconf 92' lang='lat' dir='ltr'>pro</span> <span class='ocrx_word' id='word_1_197' title='bbox 764 2347 875 2403; x_wconf 90' lang='lat' dir='ltr'>talibus</span> <span class='ocrx_word' id='word_1_198' title='bbox 891 2347 982 2418; x_wconf 84' lang='lat' dir='ltr'>ausis,</span> <span class='ocrx_word' id='word_1_199' title='bbox 994 2348 1054 2408; x_wconf 85' lang='grc'>535</span> 
     </span>
     <span class='ocr_line' id='line_1_27' title="bbox 83 2418 1040 2518; baseline 0 -36"><span class='ocrx_word' id='word_1_200' title='bbox 83 2418 94 2503; x_wconf 46' lang='grc' dir='ltr'>’ζ</span> <span class='ocrx_word' id='word_1_201' title='bbox 145 2426 162 2496; x_wconf 91' lang='lat' dir='ltr'>i,</span> <span class='ocrx_word' id='word_1_202' title='bbox 179 2427 204 2482; x_wconf 91' lang='lat' dir='ltr'>si</span> <span class='ocrx_word' id='word_1_203' title='bbox 220 2432 341 2501; x_wconf 89' lang='lat' dir='ltr'>quaest</span> <span class='ocrx_word' id='word_1_204' title='bbox 356 2427 437 2483; x_wconf 89' lang='lat' dir='ltr'>caelo</span> <span class='ocrx_word' id='word_1_205' title='bbox 454 2426 561 2518; x_wconf 60' lang='lat' dir='ltr'>QS,</span> <span class='ocrx_word' id='word_1_206' title='bbox 578 2444 655 2500; x_wconf 91' lang='lat' dir='ltr'>quae</span> <span class='ocrx_word' id='word_1_207' title='bbox 670 2427 744 2482; x_wconf 88' lang='lat' dir='ltr'>talia</span> <span class='ocrx_word' id='word_1_208' title='bbox 759 2432 850 2494; x_wconf 90' lang='lat' dir='ltr'>curet,</span> <span class='ocrx_word' id='word_1_209' title='bbox 968 2448 987 2492; x_wconf 63' lang='grc' dir='ltr'>ῃ</span> <span class='ocrx_word' id='word_1_210' title='bbox 1013 2483 1040 2507; x_wconf 26' lang='lat'>¹„</span> 
     </span>
     <span class='ocr_line' id='line_1_28' title="bbox 114 2504 1020 2580; baseline 0.003 -19.876"><span class='ocrx_word' id='word_1_211' title='bbox 114 2504 295 2562; x_wconf 86' lang='lat' dir='ltr'>Persolvant</span> <span class='ocrx_word' id='word_1_212' title='bbox 309 2512 411 2580; x_wconf 84' lang='lat' dir='ltr'>grates</span> <span class='ocrx_word' id='word_1_213' title='bbox 426 2506 535 2580; x_wconf 86' lang='lat' dir='ltr'>dignas</span> <span class='ocrx_word' id='word_1_214' title='bbox 550 2511 581 2562; x_wconf 92' lang='lat' dir='ltr'>ct</span> <span class='ocrx_word' id='word_1_215' title='bbox 594 2506 728 2579; x_wconf 89' lang='lat' dir='ltr'>praemia</span> <span class='ocrx_word' id='word_1_216' title='bbox 743 2505 872 2563; x_wconf 87' lang='lat' dir='ltr'>reddant</span> <span class='ocrx_word' id='word_1_217' title='bbox 978 2526 980 2529; x_wconf 85' lang='lat'><em>·</em></span> <span class='ocrx_word' id='word_1_218' title='bbox 1000 2508 1004 2524; x_wconf 86' lang='lat'><strong>¹</strong></span> <span class='ocrx_word' id='word_1_219' title='bbox 1018 2512 1020 2518; x_wconf 84' lang='lat'>&#39;</span> 
     </span>
     <span class='ocr_line' id='line_1_29' title="bbox 72 2582 805 2659; baseline 0.001 -19"><span class='ocrx_word' id='word_1_220' title='bbox 72 2582 78 2613; x_wconf 78' lang='lat'><em>¹</em></span> <span class='ocrx_word' id='word_1_221' title='bbox 114 2584 233 2655; x_wconf 87' lang='lat' dir='ltr'>Debita,</span> <span class='ocrx_word' id='word_1_222' title='bbox 250 2585 300 2659; x_wconf 91' lang='lat' dir='ltr'>qui</span> <span class='ocrx_word' id='word_1_223' title='bbox 316 2585 380 2642; x_wconf 88' lang='lat' dir='ltr'>nati</span> <span class='ocrx_word' id='word_1_224' title='bbox 395 2603 495 2641; x_wconf 90' lang='lat' dir='ltr'>coram</span> <span class='ocrx_word' id='word_1_225' title='bbox 510 2603 557 2641; x_wconf 89' lang='lat' dir='ltr'>me</span> <span class='ocrx_word' id='word_1_226' title='bbox 573 2603 691 2642; x_wconf 88' lang='lat' dir='ltr'>cernere</span> <span class='ocrx_word' id='word_1_227' title='bbox 711 2586 805 2641; x_wconf 90' lang='lat' dir='ltr'>letum</span> 
     </span>
    </p>
   </div>
   <div class='ocr_carea' id='block_1_4' title="bbox 66 2616 790 2737">
    <p class='ocr_par' dir='ltr' id='par_1_8' title="bbox 66 2616 790 2737">
     <span class='ocr_line' id='line_1_30' title="bbox 66 2616 790 2737; baseline 0 -17"><span class='ocrx_word' id='word_1_228' title='bbox 66 2616 81 2711; x_wconf 64' lang='grc'>5</span> <span class='ocrx_word' id='word_1_229' title='bbox 113 2663 226 2721; x_wconf 86' lang='lat' dir='ltr'>Fecisti</span> <span class='ocrx_word' id='word_1_230' title='bbox 241 2671 272 2721; x_wconf 90' lang='lat' dir='ltr'>et</span> <span class='ocrx_word' id='word_1_231' title='bbox 285 2665 402 2737; x_wconf 89' lang='lat' dir='ltr'>patrios</span> <span class='ocrx_word' id='word_1_232' title='bbox 417 2665 547 2720; x_wconf 87' lang='lat' dir='ltr'>foedasti</span> <span class='ocrx_word' id='word_1_233' title='bbox 563 2665 664 2721; x_wconf 89' lang='lat' dir='ltr'>funere</span> <span class='ocrx_word' id='word_1_234' title='bbox 680 2666 790 2721; x_wconf 79' lang='lat' dir='ltr'>vultus</span> 
     </span>
    </p>
   </div>
   <div class='ocr_carea' id='block_1_5' title="bbox 64 2714 1053 2818">
    <p class='ocr_par' dir='ltr' id='par_1_9' title="bbox 64 2714 1053 2818">
     <span class='ocr_line' id='line_1_31' title="bbox 64 2714 1053 2818; baseline 0.004 -18"><span class='ocrx_word' id='word_1_235' title='bbox 64 2714 71 2749; x_wconf 62' lang='grc'>’</span> <span class='ocrx_word' id='word_1_236' title='bbox 113 2745 157 2800; x_wconf 85' lang='lat' dir='ltr'>At</span> <span class='ocrx_word' id='word_1_237' title='bbox 172 2762 230 2800; x_wconf 90' lang='lat' dir='ltr'>non</span> <span class='ocrx_word' id='word_1_238' title='bbox 245 2745 304 2813; x_wconf 92' lang='lat' dir='ltr'>ille,</span> <span class='ocrx_word' id='word_1_239' title='bbox 321 2749 421 2801; x_wconf 89' lang='lat' dir='ltr'>satum</span> <span class='ocrx_word' id='word_1_240' title='bbox 436 2761 494 2818; x_wconf 90' lang='lat' dir='ltr'>quo</span> <span class='ocrx_word' id='word_1_241' title='bbox 510 2749 540 2801; x_wconf 92' lang='lat' dir='ltr'>te</span> <span class='ocrx_word' id='word_1_242' title='bbox 555 2744 698 2813; x_wconf 75' lang='lat' dir='ltr'>mentiris</span> <span class='ocrx_word' id='word_1_243' title='bbox 716 2744 852 2801; x_wconf 82' lang='lat' dir='ltr'>Achilles</span> <span class='ocrx_word' id='word_1_244' title='bbox 993 2747 1053 2804; x_wconf 84' lang='lat'>540</span> 
     </span>
    </p>
   </div>
   <div class='ocr_carea' id='block_1_6' title="bbox 92 2822 1052 3456">
    <p class='ocr_par' dir='ltr' id='par_1_10' title="bbox 65 2822 1052 3456">
     <span class='ocr_line' id='line_1_32' title="bbox 113 2822 886 2898; baseline 0 -19"><span class='ocrx_word' id='word_1_245' title='bbox 113 2822 195 2880; x_wconf 80' lang='lat' dir='ltr'>&#39;Palis</span> <span class='ocrx_word' id='word_1_246' title='bbox 210 2825 240 2880; x_wconf 93' lang='lat' dir='ltr'>in</span> <span class='ocrx_word' id='word_1_247' title='bbox 255 2824 342 2881; x_wconf 88' lang='lat' dir='ltr'>hoste</span> <span class='ocrx_word' id='word_1_248' title='bbox 357 2824 415 2880; x_wconf 90' lang='lat' dir='ltr'>fuit</span> <span class='ocrx_word' id='word_1_249' title='bbox 431 2824 570 2896; x_wconf 69' lang='lat' dir='ltr'>Priamo,</span> <span class='ocrx_word' id='word_1_250' title='bbox 593 2824 646 2880; x_wconf 90' lang='lat' dir='ltr'>scd</span> <span class='ocrx_word' id='word_1_251' title='bbox 656 2825 725 2897; x_wconf 87' lang='lat' dir='ltr'>jura</span> <span class='ocrx_word' id='word_1_252' title='bbox 740 2823 886 2898; x_wconf 86' lang='lat' dir='ltr'>fidemque</span> 
     </span>
     <span class='ocr_line' id='line_1_33' title="bbox 114 2902 929 2978; baseline 0 -18"><span class='ocrx_word' id='word_1_253' title='bbox 114 2902 264 2977; x_wconf 87' lang='lat' dir='ltr'>Supplicis</span> <span class='ocrx_word' id='word_1_254' title='bbox 279 2904 407 2972; x_wconf 89' lang='lat' dir='ltr'>erubuit,</span> <span class='ocrx_word' id='word_1_255' title='bbox 424 2921 591 2978; x_wconf 87' lang='lat' dir='ltr'>corpusque</span> <span class='ocrx_word' id='word_1_256' title='bbox 606 2920 756 2975; x_wconf 81' lang='lat' dir='ltr'>exsangue</span> <span class='ocrx_word' id='word_1_257' title='bbox 772 2903 929 2977; x_wconf 85' lang='lat' dir='ltr'>sepulchro</span> 
     </span>
     <span class='ocr_line' id='line_1_34' title="bbox 112 2983 990 3057; baseline 0 -17"><span class='ocrx_word' id='word_1_258' title='bbox 112 2983 260 3040; x_wconf 81' lang='lat' dir='ltr'>Reddidit</span> <span class='ocrx_word' id='word_1_259' title='bbox 275 2983 469 3050; x_wconf 88' lang='lat' dir='ltr'>Hectoreum,</span> <span class='ocrx_word' id='word_1_260' title='bbox 485 3000 596 3057; x_wconf 85' lang='lat' dir='ltr'>meque¹</span> <span class='ocrx_word' id='word_1_261' title='bbox 607 2983 638 3038; x_wconf 90' lang='lat' dir='ltr'>in</span> <span class='ocrx_word' id='word_1_262' title='bbox 652 2999 720 3039; x_wconf 88' lang='lat' dir='ltr'>mea</span> <span class='ocrx_word' id='word_1_263' title='bbox 734 3000 828 3057; x_wconf 88' lang='lat' dir='ltr'>regna</span> <span class='ocrx_word' id='word_1_264' title='bbox 842 2983 990 3040; x_wconf 84' lang='lat' dir='ltr'>remisit.’&#39;</span> 
     </span>
     <span class='ocr_line' id='line_1_35' title="bbox 113 3062 843 3136; baseline 0.001 -18"><span class='ocrx_word' id='word_1_265' title='bbox 113 3062 163 3119; x_wconf 86' lang='lat' dir='ltr'>Sic</span> <span class='ocrx_word' id='word_1_266' title='bbox 178 3063 259 3119; x_wconf 86' lang='lat' dir='ltr'>fatus</span> <span class='ocrx_word' id='word_1_267' title='bbox 274 3064 381 3131; x_wconf 90' lang='lat' dir='ltr'>senior,</span> <span class='ocrx_word' id='word_1_268' title='bbox 397 3062 550 3136; x_wconf 91' lang='lat' dir='ltr'>telumque</span> <span class='ocrx_word' id='word_1_269' title='bbox 566 3062 684 3119; x_wconf 88' lang='lat' dir='ltr'>imbelle</span> <span class='ocrx_word' id='word_1_270' title='bbox 701 3062 765 3118; x_wconf 89' lang='lat' dir='ltr'>sine</span> <span class='ocrx_word' id='word_1_271' title='bbox 782 3063 843 3120; x_wconf 90' lang='lat' dir='ltr'>ictu</span> 
     </span>
     <span class='ocr_line' id='line_1_36' title="bbox 112 3141 1052 3218; baseline 0.004 -19.81"><span class='ocrx_word' id='word_1_272' title='bbox 112 3141 254 3215; x_wconf 84' lang='lat' dir='ltr'>Oonjeeit,</span> <span class='ocrx_word' id='word_1_273' title='bbox 270 3158 361 3199; x_wconf 89' lang='lat' dir='ltr'>rauco</span> <span class='ocrx_word' id='word_1_274' title='bbox 376 3141 457 3218; x_wconf 87' lang='lat' dir='ltr'>quod</span> <span class='ocrx_word' id='word_1_275' title='bbox 470 3142 608 3216; x_wconf 89' lang='lat' dir='ltr'>protinus</span> <span class='ocrx_word' id='word_1_276' title='bbox 624 3159 690 3199; x_wconf 87' lang='lat' dir='ltr'>aere</span> <span class='ocrx_word' id='word_1_277' title='bbox 704 3141 858 3216; x_wconf 88' lang='lat' dir='ltr'>repulsum</span> <span class='ocrx_word' id='word_1_278' title='bbox 993 3141 1052 3203; x_wconf 87' lang='grc'>545</span> 
     </span>
     <span class='ocr_line' id='line_1_37' title="bbox 112 3219 913 3296; baseline 0.001 -19"><span class='ocrx_word' id='word_1_279' title='bbox 112 3221 153 3278; x_wconf 84' lang='lat' dir='ltr'>Et</span> <span class='ocrx_word' id='word_1_280' title='bbox 167 3238 285 3278; x_wconf 88' lang='lat' dir='ltr'>summo</span> <span class='ocrx_word' id='word_1_281' title='bbox 300 3220 386 3296; x_wconf 90' lang='lat' dir='ltr'>clipei</span> <span class='ocrx_word' id='word_1_282' title='bbox 402 3220 602 3295; x_wconf 87' lang='lat' dir='ltr'>nequidquam</span> <span class='ocrx_word' id='word_1_283' title='bbox 618 3221 747 3278; x_wconf 87' lang='lat' dir='ltr'>umbone</span> <span class='ocrx_word' id='word_1_284' title='bbox 761 3219 913 3296; x_wconf 87' lang='lat' dir='ltr'>pependit.</span> 
     </span>
     <span class='ocr_line' id='line_1_38' title="bbox 111 3299 988 3381; baseline 0.003 -24"><span class='ocrx_word' id='word_1_285' title='bbox 111 3299 168 3357; x_wconf 81' lang='lat' dir='ltr'>Oui</span> <span class='ocrx_word' id='word_1_286' title='bbox 184 3299 339 3375; x_wconf 82' lang='lat' dir='ltr'>Pyrrhus:</span> <span class='ocrx_word' id='word_1_287' title='bbox 362 3305 378 3330; x_wconf 88' lang='lat'><strong>“</strong></span> <span class='ocrx_word' id='word_1_288' title='bbox 390 3299 515 3357; x_wconf 81' lang='lat' dir='ltr'>Referes</span> <span class='ocrx_word' id='word_1_289' title='bbox 529 3317 602 3374; x_wconf 89' lang='lat' dir='ltr'>ergo</span> <span class='ocrx_word' id='word_1_290' title='bbox 618 3301 691 3357; x_wconf 92' lang='lat' dir='ltr'>haec</span> <span class='ocrx_word' id='word_1_291' title='bbox 705 3306 736 3357; x_wconf 88' lang='lat' dir='ltr'>et</span> <span class='ocrx_word' id='word_1_292' title='bbox 751 3301 876 3360; x_wconf 83' lang='lat' dir='ltr'>nuntius</span> <span class='ocrx_word' id='word_1_293' title='bbox 889 3299 948 3360; x_wconf 83' lang='lat' dir='ltr'>ibis</span> <span class='ocrx_word' id='word_1_294' title='bbox 984 3373 988 3381; x_wconf 29' lang='grc'>1</span> 
     </span>
     <span class='ocr_line' id='line_1_39' title="bbox 92 3376 761 3456; baseline 0.013 -26"><span class='ocrx_word' id='word_1_295' title='bbox 92 3376 228 3437; x_wconf 66' lang='lat' dir='ltr'>Polliae</span> <span class='ocrx_word' id='word_1_296' title='bbox 237 3378 399 3456; x_wconf 81' lang='lat' dir='ltr'>genitori;</span> <span class='ocrx_word' id='word_1_297' title='bbox 420 3379 466 3440; x_wconf 88' lang='lat' dir='ltr'>illi</span> <span class='ocrx_word' id='word_1_298' title='bbox 481 3397 551 3440; x_wconf 82' lang='lat' dir='ltr'>mea</span> <span class='ocrx_word' id='word_1_299' title='bbox 562 3379 666 3440; x_wconf 84' lang='lat' dir='ltr'>tristia</span> <span class='ocrx_word' id='word_1_300' title='bbox 678 3379 761 3440; x_wconf 71' lang='lat' dir='ltr'>laete</span> 
     </span>
    </p>
   </div>
   <div class='ocr_carea' id='block_1_7' title="bbox 0 0 1106 3676">
    <p class='ocr_par' dir='ltr' id='par_1_11' title="bbox 0 0 1106 3676">
     <span class='ocr_line' id='line_1_40' title="bbox 0 0 1106 3676; baseline 0 1"><span class='ocrx_word' id='word_1_301' title='bbox 0 0 1106 3676; x_wconf 95' lang='lat' dir='ltr'> </span> 
     </span>
    </p>
   </div>
  </div>
 </body>
</html>
