2204 3676
389 205 546 256 6666666
570 206 706 254 annius
731 206 780 256 vr.
983 194 1042 258 161

107 357 361 419 Accelcrcmusl”
377 361 427 418 ait.
472 359 665 434 “cyclopum
676 359 785 417 educta
799 361 926 418 caminis
987 364 1043 420 630

108 439 233 496 Moenia
248 439 398 512 conspicio
413 445 503 514 atque
519 439 646 495 adverso
661 439 772 496 fornice
786 447 899 515 portas,

108 518 193 575 llaec
208 520 261 575 ubi
275 536 331 575 uos
345 524 506 593 praecepta
521 519 630 591 jubent
643 518 791 592 deponere
806 520 914 576 dona.'’

102 597 245 667 Dixerat,
261 603 292 655 et
305 599 420 672 pariter
433 599 530 672 gressi
545 615 599 672 per
613 615 708 671 opaca
723 599 841 655 viarum

109 676 282 752 corripiunt
296 678 428 751 spatium
443 678 585 742 medium,
601 677 774 752 foribusque
789 680 1002 754 propinquant.

108 755 247 830 Occupat
261 756 383 814 Aeneas
398 757 525 825 aditum,
542 773 710 832 corpusque
724 759 837 814 recenti
986 760 1042 818 635

108 835 234 911 Spargit
248 854 334 911 aqua,
350 853 526 912 ramumque
543 837 671 894 adverso
685 837 717 893 in
729 837 834 894 limine
850 837 923 911 figit.

148 994 209 1052 His
223 996 344 1053 demum
359 996 481 1066 exortia,
497 997 628 1071 perfecto
644 1013 766 1053 munere
780 997 878 1065 divae,

107 1073 264 1133 Devenere
278 1075 360 1134 locos
374 1076 471 1133 laetos
485 1082 516 1132 et
530 1094 656 1134 amoena
670 1076 767 1133 vireta

107 1153 344 1212 Fortunatorum
357 1173 514 1212 nemorum
529 1158 674 1230 sedesque
689 1157 804 1213 beatas.
1001 1212 1003 1216 .

107 1232 238 1309 Largior
252 1234 301 1292 hic
314 1253 436 1311 campas
449 1235 553 1292 aether
566 1244 597 1293 et
610 1236 723 1292 lumine
739 1236 832 1292 vestit
985 1239 1042 1294 640

107 1312 273 1390 Ρ6666666,
289 1315 441 1390 solemque
456 1333 553 1385 suum,
570 1334 626 1373 sua
641 1316 740 1373 sidera
755 1322 871 1373 norunt.

108 1393 184 1452 Pars
199 1394 231 1451 in
247 1396 410 1468 gramineis
424 1402 564 1452 exercent
578 1396 713 1452 membra
726 1396 894 1469 palaestris,

109 1473 307 1532 Contendunt
320 1475 392 1531 ludo
408 1480 439 1531 et
453 1474 537 1531 fulva
551 1476 704 1532 luctantur
719 1492 829 1547 arona;

107 1552 186 1611 Pars
201 1554 328 1629 pedibus
341 1555 489 1629 plaudunt
505 1555 628 1612 choreas
643 1561 673 1611 ct
688 1554 821 1611 carmina
836 1555 947 1610 dicunt.

106 1631 172 1690 Nec
187 1652 248 1691 non
263 1634 419 1691 Threicius
433 1635 526 1707 longa
541 1652 608 1690 cum
625 1640 708 1691 66666
724 1634 864 1690 sacerdos
986 1636 1041 1691 645

109 1711 291 1789 Obloquitur
305 1714 436 1770 numeris
451 1722 566 1788 septem
581 1714 753 1770 discrimina
768 1730 882 1782 vocum,

107 1791 239 1868 Jamque
254 1794 359 1850 eadem
374 1794 489 1867 digitio,
500 1795 565 1866 jam
579 1794 697 1868 pectine
712 1793 815 1867 pulsat
829 1793 952 1849 eburno

40 1906 47 1915 ·
109 1871 169 1929 Hic
185 1889 279 1946 genus
295 1873 450 1947 antiquum
466 1873 582 1942 Teucri,
598 1873 799 1947 pulcherrima
813 1872 920 1947 proles,

109 1951 300 2026 Magnanimi
315 1951 429 2032 1666666,
446 1953 509 2009 6661
524 1953 698 2008 melioribus
713 1953 809 2022 66616,

106 2032 230 2107 Ilusque
245 2033 476 2107 Assaracusque
491 2038 522 2089 et
537 2033 642 2105 Trojae
658 2032 820 2089 Dardanus
835 2038 946 2088 auctor.
986 2034 1042 2089 656

106 2111 204 2169 Arma
218 2112 319 2187 procul
335 2129 497 2186 currusque
513 2110 612 2167 virum
627 2113 752 2168 miratur
766 2111 889 2183 inanes3

107 2190 200 2249 Stant
213 2199 293 2248 66666
308 2190 420 2249 defixae
436 2191 550 2260 hastae,
566 2192 739 2266 possintque
754 2190 845 2247 soluti

107 2271 166 2328 Per
181 2289 319 2346 campum
333 2277 499 2346 pascuntur
512 2272 581 2345 equi
594 2292 600 2344 3
623 2289 699 2345 6666
714 2271 813 2344 gratia
827 2287 966 2326 curruum

106 2351 327 2426 Armorumqua
343 2352 400 2408 fuit
414 2351 502 2420 vivia,
520 2369 595 2425 quac
610 2368 681 2407 6666
696 2351 826 2407 nitentes

107 2429 235 2488 Poscere
250 2448 350 2506 equos,
365 2431 470 2487 eadem
486 2432 621 2504 sequitur
635 2430 741 2486 tellure
756 2433 900 2504 repostos.
985 2429 1041 2484 655

108 2510 272 2585 Conspicit,
288 2529 364 2580 6666,
381 2511 456 2568 61166
471 2511 576 2566 dextra
591 2511 735 2584 laevaque
752 2521 804 2585 666
819 2508 942 2564 herbam

106 2591 274 2647 Vescentes
288 2591 460 2664 laetumque
476 2589 566 2647 choro
582 2590 704 2646 Paeana
719 2594 860 2645 canentes

106 2670 193 2728 Iuter
207 2670 364 2727 odoratum
379 2671 456 2726 lauri
470 2687 585 2738 nemus,
601 2668 680 2725 unde
696 2685 823 2743 superne

107 2750 261 2808 PlurImus
275 2750 401 2806 Eridani
414 2767 468 2824 per
482 2749 592 2806 silvam
608 2748 741 2805 volvitur
755 2745 861 2804 amnis⁴

107 2829 169 2886 1116
182 2847 297 2899 manus,
313 2829 351 2886 ob
366 2829 496 2903 patriam
510 2828 674 2902 pugnando
689 2827 813 2884 vulnera
825 2824 916 2899 passi,
984 2825 1039 2880 660

108 2910 225 2984 Quique
240 2909 411 2966 sacerdotes
425 2909 510 2977 casti,
527 2908 598 2964 dum
613 2908 678 2964 vita
691 2906 840 2976 manebat,

107 2989 225 3064 Quique
239 2989 282 3063 pii
297 2995 383 3045 vates
397 2995 428 3044 et
443 2988 566 3044 Phoebo
582 2988 676 3060 digna
690 2986 790 3057 locuti,

105 3069 253 3128 Inventas
267 3073 320 3125 aut
335 3068 386 3142 qui
400 3068 496 3124 vitam
510 3068 664 3123 excoluere
679 3083 731 3140 per
746 3071 834 3134 artes,

107 3149 224 3223 Quique
239 3148 286 3204 sui
300 3164 448 3204 memores
464 3148 539 3203 alios
554 3148 648 3202 fecere
663 3144 820 3201 merendo:

106 3227 256 3286 Omnibus
271 3227 319 3284 his
333 3227 425 3283 nivea
438 3227 601 3300 cinguntur
614 3231 751 3298 tempora
765 3224 851 3280 vitta.
983 3221 1036 3278 665

106 3309 190 3381 Quos
205 3307 401 3366 circumfusos
416 3306 459 3362 616
473 3312 521 3363 666
537 3305 628 3362 affata
643 3303 769 3377 Sibylla,

103 3387 264 3445 Musaeum
278 3392 349 3443 ante
362 3403 486 3445 omnes:
509 3386 663 3466 (medium
675 3402 753 3445 nam
761 3383 902 3464 plurima
910 3379 1009 3436 66666

92 3465 184 3520 Hune
194 3465 295 3536 habet,
312 3471 405 3545 atque
420 3467 563 3532 humeris
579 3477 768 3532 exstantem
779 3464 921 3544 suspicit
932 3455 1049 3522 altis-q
