2196 3660
348 161 510 213 vneernr
530 163 667 212 nauare
692 128 744 212 1‘v.
971 149 1012 213 85

112 313 195 390 Ergo
209 313 260 371 ubi
276 312 411 388 concepit
425 313 527 382 furias,
543 314 643 372 evicta
656 313 765 382 dolore,

71 393 274 468 Decrevitque
289 393 374 461 mori,
390 398 510 467 tempus
525 410 628 450 secum
642 393 708 468 ipsa
722 394 906 470 modumque
953 395 1010 454 475

71 472 188 546 Exigit,
205 479 243 542 et,
259 478 409 529 maestam
425 472 514 528 dietis
529 489 675 546 aggressa
690 490 831 541 sororem,

73 552 240 610 Consilium
255 552 343 607 vultu
356 551 442 624 tegit,
459 568 493 607 ac
508 568 592 626 spem
606 552 702 608 fronte
718 558 853 610 serenat:

73 635 91 661 “
102 630 220 699 Inveni,
235 648 387 704 germana,
404 629 665 704 viam-gratare
681 632 832 701 sorori,-

74 712 160 783 Quae
174 709 247 766 mihi
262 710 369 766 reddat
383 726 460 778 eum,
477 709 525 765 vel
540 727 575 765 co
589 727 637 767 me
653 710 753 767 solvat
767 716 927 769 amantem.

73 789 186 847 Oceani
201 787 289 845 finem
299 790 387 862 juxta
402 788 554 863 solemque
569 790 726 847 cadentem
951 793 1010 848 480

72 868 210 926 Ultimus
224 867 411 942 Aethiopum
426 867 509 924 locus
523 873 578 938 est,
595 869 644 925 ubi
659 869 809 926 maximus
826 868 918 926 Atlas

72 949 173 1005 Axem
189 947 312 1004 humero
326 952 447 1021 torquet
462 947 558 1004 stellis
575 948 748 1005 ardentibus
764 954 886 1023 aptum:

73 1027 155 1085 Hinc
170 1027 244 1083 mihi
259 1026 415 1102 Massylae
431 1026 532 1099 gentis
547 1033 715 1084 monstrata
730 1028 879 1096 sacerdos

74 1107 279 1182 Hesperidum
293 1106 396 1180 templi
412 1112 524 1176 custos,
540 1106 704 1182 epulasque
720 1106 843 1163 draconi

74 1187 158 1260 Quae
174 1185 265 1243 dabat
278 1193 309 1243 et
323 1203 425 1242 sacros
440 1186 582 1243 servabat
595 1186 626 1242 in
641 1187 744 1243 arbore
760 1203 869 1254 ramos,
953 1187 1011 1244 485

75 1265 229 1340 Spargens
243 1265 368 1322 humida
381 1264 472 1321 mella
486 1266 740 1341 soporiferumque
755 1282 894 1340 papaver.

74 1345 161 1402 Haec
176 1362 207 1401 se
222 1345 404 1402 carminibus
418 1345 567 1417 promittit
581 1346 696 1401 solvere
711 1351 836 1414 mantea,

74 1426 159 1498 Quas
174 1424 253 1494 velit,
270 1430 317 1481 ast
333 1423 399 1480 aliis
414 1424 505 1482 duras
521 1425 684 1482 immittere
699 1442 803 1497 curas;

75 1504 189 1562 Sistere
206 1521 312 1578 aquam
327 1503 435 1572 fluviis
452 1509 483 1560 et
497 1510 612 1561 vertere
628 1505 726 1562 sidera
742 1510 840 1576 rctr03

73 1583 305 1658 Nocturnosque
320 1588 421 1640 movet
436 1583 564 1657 Manes3
587 1585 702 1657 mugire
718 1584 834 1641 videbis
952 1584 1008 1640 490

74 1662 140 1720 Sub
154 1662 282 1738 pedibus
296 1669 416 1732 terram,
432 1668 464 1719 et
479 1663 657 1720 descendere
672 1663 825 1720 montibus
840 1679 938 1719 ornos

75 1742 194 1810 Testor,
210 1758 285 1810 cara,
301 1741 373 1798 deos
387 1748 418 1799 et
432 1748 470 1810 te,
487 1760 637 1816 germana,
653 1748 797 1817 tuumque

72 1821 172 1879 Dulce
186 1826 284 1896 caput,
300 1821 435 1895 magicas
449 1822 577 1878 invitam
592 1822 740 1895 accingier
755 1828 843 1879 artes

73 1900 123 1958 Tu
137 1907 252 1958 secreta
265 1918 371 1976 pyram
387 1905 467 1958 tecto
481 1901 620 1958 interiore
636 1902 692 1958 sub
708 1919 797 1958 auras

72 1980 175 2055 Erige,
190 1986 222 2037 et
236 1997 319 2037 arma
334 1980 399 2049 viri,
415 1979 550 2037 thalamo
565 2000 641 2056 quae
657 1981 714 2037 lixa
729 1980 851 2055 reliquit
952 1979 1009 2036 495

73 2059 202 2134 Impius,
217 2061 398 2134 exuviasque
414 2077 518 2116 omnes
532 2060 700 2135 lectumque
711 2061 856 2133 jugalem,

74 2139 142 2211 Quo
157 2139 242 2213 perii,
259 2141 502 2213 superimponas:
526 2140 643 2196 abolere
659 2140 781 2196 nefandi

74 2218 194 2278 Cuncta
208 2218 263 2274 viri
277 2223 472 2275 monumenta
483 2219 579 2291 juvat,
595 2225 804 2292 monstratque
820 2217 990 2276 sacerdos.’'

73 2297 162 2355 Haec
175 2297 265 2354 effata
280 2298 348 2354 silet
361 2317 368 2370 ;
388 2297 484 2372 pallor
499 2298 587 2354 simul
602 2303 728 2371 occupat
743 2315 802 2355 ora.

72 2376 104 2435 N
106 2394 145 2434 on
160 2382 263 2433 tamen
277 2377 369 2434 Anna
383 2376 469 2434 novis
484 2383 655 2452 praetexere
671 2377 776 2433 funera
790 2375 883 2433 sacris
952 2377 1010 2433 500

74 2455 258 2515 Germanum
273 2456 375 2525 credit,
391 2473 445 2512 nee
459 2461 562 2513 tantos
576 2462 676 2513 mente
691 2456 805 2512 furores

75 2535 224 2610 Concipit,
240 2541 291 2603 aut
305 2535 447 2610 graviora
460 2535 548 2593 timet
562 2553 653 2612 quam
667 2541 763 2592 morte
780 2533 919 2611 Sychaei.

73 2614 158 2691 Ergo
167 2616 256 2689 jussa
268 2619 363 2690 parat.

114 2772 161 2832 At
173 2772 289 2847 regina,
303 2791 381 2850 pyra
393 2775 540 2850 penetrali
555 2775 586 2832 in
601 2773 671 2833 sede
686 2774 742 2831 sub
758 2790 848 2831 auras

75 2852 186 2912 Erecta
201 2853 316 2927 ingenti
331 2854 428 2911 taedis
443 2861 533 2928 atque
547 2855 613 2911 ilice
629 2860 718 2923 secta,
955 2850 1011 2907 505

75 2932 271 3008 Intenditque
286 2933 383 2990 locum
398 2935 487 2989 sertis
502 2940 533 2991 et
547 2933 651 2990 fronde
666 2937 792 2990 coronat

10 3048 12 3053 -
75 3010 215 3070 Funerea
226 3029 344 3086 pauper
358 3012 484 3068 exuvias
498 3029 660 3088 ensemque
675 3013 813 3069 relictum

76 3090 274 3166 Effigiemque
288 3097 354 3146 toro
368 3090 457 3160 locat,
470 3090 551 3148 haud
565 3092 672 3165 ignara
686 3091 787 3148 futuri.

77 3169 167 3228 Stant
180 3186 251 3227 arae
265 3168 384 3239 circum,
399 3174 431 3225 et
445 3169 542 3227 crines
557 3171 651 3228 effusa
666 3170 806 3227 sacerdos

76 3247 271 3307 Tercentum
283 3252 371 3306 tonat
385 3264 435 3304 ore
450 3247 531 3320 deos,
548 3249 744 3328 Erebumque
759 3248 932 3324 Sbaosqne
961 3246 1028 3299 5Χο

76 3325 344 3405 tergeminamque
358 3325 510 3404 Hecaten,
526 3332 591 3394 tria
605 3332 747 3412 virginis
761 3350 821 3394 ora
828 3329 974 3390 urenae.

68 3403 227 3481 mamm
238 3408 270 3463 et
282 3405 394 3470 latices
408 3409 585 3479 simulatos
599 3416 708 3479 lentis
725 3412 858 3480 uveam
868 3429 883 3483 ⁸,
